3034 4825
379 280 427 335 'De
446 262 574 335 sermone
592 279 716 350 pedestri
733 278 869 334 Italorum
888 277 1104 334 vetustissimo.v
1259 279 1325 342 515

137 471 220 512 nam
239 450 288 511 hic
301 449 383 527 prior·
402 451 448 509 est
466 448 502 508 ci.
521 449 616 509 veluti
636 465 684 525 epo
699 466 764 509 sam
778 445 902 509 nomiae.
939 448 1054 524 Nempe
1073 448 1104 506 in
1123 448 1177 506 illa
1196 447 1324 507 formula

153 559 229 618 quae
248 539 328 616 apud
347 538 477 614 optimos
497 542 633 599 auctores
652 557 771 616 semper
783 538 887 598 floruit
904 538 976 597 anibi
994 542 1035 597 est
1051 554 1156 596 acmen
1169 537 1248 596 latio
1266 557 1325 596 nou

152 631 252 689 minus
275 628 485 688 attractionem
510 646 596 687 casus
619 627 706 687 nobis
731 627 922 687 statuendam
946 645 1011 687 esse
1033 627 1125 687 verbo
1149 627 1232 685 nullo
1252 644 1327 701 opus

153 720 207 778 est.
234 716 308 778 Cato
322 717 359 776 de
373 736 400 776 a.
414 736 438 777 0.
456 718 558 796 134,3
574 718 650 777 Iane
657 721 756 792 pater,
773 720 817 776 ati
830 721 856 775 le
869 722 947 776 strue
960 718 1146 776 oocmoacada
1160 717 1250 775 bonas
1257 733 1326 789 prc-

156 825 201 867 ces
225 809 293 867 bene
311 811 450 881 precatae
472 825 552 873 aava,
576 808 701 866 ciusdem
723 808 767 866 rei
791 824 855 881 erpo
877 811 969 865 macte
990 808 1057 865 ciac
1075 807 1181 878 inferio
1200 809 1264 864 ecto.
1283 836 1328 846 -

155 896 319 957 vocativus
337 901 428 955 macte
446 889 514 972 (pro
534 887 732 976 nominativo)
751 895 940 955 antecedenti
957 896 1034 954 Iaae
1045 894 1169 955 'effictus
1189 897 1248 970 est3
1268 912 1327 972 qua

156 985 192 1044 de
211 1004 244 1045 re
267 985 326 1043 iam
348 984 463 1043 Ziemer
481 984 499 1044 l.
519 1003 543 1043 0.
560 987 599 1044 71
626 985 768 1044 disseruit
791 984 873 1044 aliud
898 984 1065 1059 exemplum
1090 975 1327 1063 (Vergilianum)

155 1074 290 1134 afferens.
332 1074 493 1133 Praeterea
516 1073 619 1133 eodem
643 1071 765 1133 Catonis
788 1075 853 1133 loco
877 1074 932 1133 bis.
973 1072 1061 1148 Apud
1084 1073 1204 1132 Livium
1228 1072 1328 1148 eliam,

154 1163 185 1222 01
204 1164 302 1235 fallor,
322 1162 434 1222 similia
451 1162 652 1223 inveniuntur.
688 1161 787 1222 Varro
802 1184 825 1222 r.
840 1183 863 1220 r.
878 1162 910 1221 II
926 1164 953 1234 2,
969 1165 987 1222 5
1008 1164 1072 1221 iare
1089 1164 1200 1221 utimar
1214 1179 1254 1229 co,
1273 1180 1328 1235 quo

155 1254 200 1312 lex
214 1245 446 1328 praescripsit¹)
483 1252 502 1311 l.
521 1251 540 1311 l.
559 1250 631 1325 VH,
649 1254 713 1312 110
736 1253 924 1311 insectandis
948 1253 1041 1310 tribas
1064 1269 1134 1324 qaas
1157 1253 1197 1311 ad
1219 1256 1244 1310 ic
1261 1253 1329 1310 misi

154 1429 191 1489 de
209 1430 318 1489 libris
337 1429 431 1489 verba
447 1421 555 1510 faciat)
573 1432 605 1489 in
623 1447 678 1504 aaa
696 1435 764 1489 suat
777 1432 903 1504 oripiaes
902 1472 1043 1498 .......
1055 1431 1213 1489 secandum
1226 1431 1329 1502 quibas

154 1520 302 1579 accubatis
324 1523 454 1593 tempora
475 1521 536 1578 siat
556 1523 665 1587 colata,
681 1565 688 1576 .
703 1563 710 1578 .
725 1566 731 1579 .
748 1565 754 1577 .
770 1565 777 1578 .
793 1522 941 1579 ,tertias
962 1520 1021 1586 laic,
1049 1521 1081 1577 ia
1104 1536 1179 1592 aaa.
1195 1562 1201 1576 .
1217 1563 1223 1576 .
1239 1565 1245 1578 .
1261 1562 1269 1578 .
1286 1551 1328 1559 —

154 1607 190 1667 Iu
209 1609 265 1668 hac
286 1610 439 1667 structura
457 1626 534 1685 quae
553 1608 663 1667 iamin
682 1610 857 1685 0001100109
877 1609 997 1683 incepta
1011 1607 1137 1666 monstri
1150 1608 1247 1667 instar
1261 1626 1328 1684 prc-

156 1697 285 1772 ducitur,
304 1715 371 1756 cum
391 1697 593 1757 nominativus
611 1700 712 1757 tertias
731 1699 911 1757 sententiam
931 1697 1079 1774 expediat,
1099 1697 1189 1756 etiam
1208 1698 1329 1757 illorum

150 1789 293 1862 primam,
312 1787 470 1847 secandam
493 1786 558 1845 loeo
577 1786 795 1847 nominativum
814 1788 967 1865 exspect03
992 1786 1156 1847 accusativi
1175 1790 1276 1845 autem
1295 1805 1330 1846 cx
1401 1861 1403 1864 ι

155 1876 311 1936 anteeanti
329 1892 401 1948 qaas
420 1875 526 1934 stracti
546 1876 617 1934 mibi
636 1875 786 1935 videntur.
824 1875 939 1936 Gellius
958 1875 1006 1934 III
1022 1878 1077 1954 10,
1101 1895 1168 1934 cum
1188 1875 1223 1934 de
1239 1876 1327 1934 Var-

155 1984 242 2025 rone
260 1965 404 2041 disputet,
423 1964 510 2023 illum
528 1964 575 2024 bis
593 1964 730 2024 imitatus
749 1984 815 2024 esse
834 1964 907 2023 mihi
921 1965 1053 2024 videtur:
1067 1966 1202 2039 pericula
1221 1983 1330 2039 qaoque

153 2057 229 2114 vitae
251 2055 495 2127 fortunarumque
516 2054 675 2121 homiaem,
705 2072 779 2127 auae
805 2055 985 2113 climacteras
1008 2053 1151 2114 Chaldaei
1174 2055 1329 2129 appellant,

152 2145 343 2217 procaciores
369 2159 494 2216 quosque
522 2145 588 2214 pieri
614 2146 799 2216 septenarios.
829 2174 870 2185 -
898 2143 1039 2203 Fortasse
1072 2143 1114 2202 sic
1141 2142 1329 2219 intellegitur

158 2231 256 2290 Varro
275 2231 294 2291 l.
309 2231 329 2289 1.
344 2230 429 2306 VIII,
446 2233 485 2291 13
506 2249 570 2289 cam
589 2233 623 2290 dc
640 2233 685 2291 bis
702 2250 804 2291 coccea
822 2236 860 2292 ait
873 2228 1006 2306 primam
1027 2263 1065 2273 —
1080 2235 1170 2307 prius
1188 2234 1264 2291 caim
1281 2250 1330 2292 ao·

157 2338 223 2379 mea
242 2325 283 2379 est
305 2338 394 2393 quam
416 2321 534 2380 corbam
557 2320 716 2395 temporale
735 2327 762 2378 ct
783 2323 895 2394 reliqua
912 2324 1060 2395 posterius
1077 2340 1165 2395 qaam
1182 2336 1286 2380 laomen
1306 2327 1331 2380 ct

156 2411 275 2470 verbam
292 2442 337 2453 ·-
355 2411 459 2484 prima
481 2411 570 2484 icitur
592 2410 720 2470 aomina.
744 2441 779 2451 -
801 2408 874 2471 Dico
892 2414 1039 2485 posterius
1062 2409 1224 2470 secundum
1241 2413 1331 2486 prius

159 2502 307 2560 structam
331 2499 407 2558 mibi
424 2499 533 2576 videri,
556 2498 615 2558 nisi
640 2503 704 2560 orta
726 2504 795 2560 sant
812 2499 860 2559 vel
883 2499 980 2559 simile
999 2499 1112 2575 aliquid
1131 2499 1330 2576 supplendum

155 2608 223 2650 esse
240 2582 385 2670 censes.²)

243 2676 327 2738 Sicut
344 2678 376 2737 in
394 2678 498 2754 lingua
516 2696 638 2754 graeca,
661 2681 696 2738 ut
715 2678 751 2738 de
776 2678 843 2738 aliis
862 2681 993 2754 taceam,
1017 2678 1109 2738 etiam
1128 2678 1160 2736 in
1179 2678 1276 2738 latina
1294 2696 1330 2737 ea

154 2768 277 2827 nomina
294 2786 422 2844 quorum
440 2766 577 2827 notiones
595 2766 742 2828 infinitivo
759 2768 808 2828 vel
822 2768 980 2845 participio
994 2768 1147 2845 proximae
1163 2772 1242 2844 sunt,
1262 2786 1329 2827 cum

155 2876 190 2917 eo
214 2875 286 2918 casn
308 2859 479 2929 struuntur,
508 2875 596 2932 quem
619 2856 748 2932 primum
773 2857 896 2916 verbum
920 2857 1054 2932 postulat
1076 2857 1113 2916 cf.
1133 2856 1250 2914 Ziemer
1268 2857 1288 2915 l.
1303 2874 1326 2914 0.

154 2965 183 3021 p.
199 2947 251 3007 94.
291 2944 341 3004 Sic
361 2947 402 3004 94
429 2962 550 3003 maccam
576 2947 697 3004 iniectio.
739 2944 798 3003 ΧΠ
817 2946 878 3004 tab.
898 2943 978 3004 1112
1007 2963 1114 3004 manac
1140 2946 1262 3003 10100110.
1289 2975 1327 2986 -

156 3034 257 3110 Atque
283 3032 333 3092 hie
357 3033 561 3093 accusativum
585 3032 671 3093 nobis
698 3032 934 3110 intellegendum
960 3052 1025 3093 esse
1051 3032 1180 3092 Soboelli
1205 3050 1331 3092 acumen

156 3125 177 3184 l.
196 3141 220 3183 0.
239 3142 269 3198 p.
285 3123 347 3182 102
358 3139 401 3198 sq.
426 3121 574 3181 similibus
598 3122 716 3182 collatis
740 3122 953 3199 comprobavit.
991 3120 1131 3182 Ceterum
1149 3122 1237 3198 plura
1255 3121 1331 3182 talia

156 3212 187 3271 in
206 3210 308 3272 Plauti
332 3210 446 3271 fabulis
468 3211 605 3288 legimus.
648 3210 793 3271 Similiter
818 3214 892 3283 295,
907 3214 948 3272 54
973 3217 1081 3295 emptor
1103 3214 1157 3272 siet
1178 3212 1215 3271 ab
1239 3229 1269 3271 eo
1288 3240 1332 3251 —

156 3301 208 3361 ubi
228 3300 450 3362 substantivum
469 3301 630 3363 secundum
649 3301 776 3360 verbnm
791 3321 880 3361 suum
894 3304 1044 3362 structum
1059 3320 1125 3361 0000
1139 3304 1272 3379 apparet.
1290 3331 1327 3341 -

155 3390 267 3449 Eodem
282 3391 370 3450 modo
385 3390 480 3450 enodo
495 3392 547 3464 97,
556 3391 596 3450 28
607 3393 1040 3465 senalaocqaesentectiamatei
1048 3393 1167 3451 scientes
1176 3391 1325 3463 000010οῂ

156 3478 242 3556 quasi
266 3479 393 3539 verbum
417 3479 535 3539 finitum
564 3483 752 3556 usurpatum.
796 3479 991 3557 Parricipinm
1021 3479 1117 3538 futuri
1142 3497 1209 3538 cum
1236 3479 1327 3537 verbo

157 3586 233 3627 ease
257 3569 445 3629 coniunctum
467 3569 500 3627 in
522 3567 696 3628 memoriam
719 3586 838 3643 revoco,
863 3568 940 3645 qnod
963 3567 1143 3644 posteriores
1167 3568 1245 3628 sicut
1264 3585 1327 3628 ver-

155 3656 229 3716 bum
253 3655 371 3717 linitum
396 3676 572 3734 componere
595 3677 697 3718 omnes
722 3657 1168 3733 00000011001.,,01.812,148
1194 3658 1245 3730 qai
1270 3661 1331 3716 tam

157 3763 274 3806 0000000
286 3748 393 3821 papati
410 3751 530 3808 00100ιο
548 3738 644 3830 00103)

246 3901 271 3966 1)
292 3898 380 3964 Quem
394 3897 486 3961 locum
500 3898 541 3954 sic
551 3900 693 3969 explicans
703 3913 799 3970 pugno
813 3901 911 3954 contra
920 3897 1007 3954 Keilii
1021 3897 1215 3953 commentarii
1229 3903 1326 3967 p.146.

245 3975 261 4023 8
292 3969 327 4026 cf.
342 3969 437 4024 Plauti
450 3968 525 4026 Trin.
541 3990 565 4028 v.
582 3977 632 4026 181
651 3972 697 4027 illc
706 3973 754 4041 qai
767 3972 921 4039 mandavit,
934 3970 1087 4026 exturbasti
1100 3986 1134 4025 00
1147 3968 1283 4026 aedibus?
1295 3999 1329 4010 -

154 4041 221 4096 Alia
238 4039 370 4096 Pautina
390 4038 516 4095 invenies
540 4043 569 4095 in
587 4040 664 4096 Brixi
687 4040 812 4096 editione
831 4041 986 4097 Γ1010000011
1009 4042 1045 4096 ad
1063 4056 1174 4096 versum
1194 4046 1255 4108 988,
1280 4042 1329 4110 qui

156 4111 217 4168 iure
226 4112 333 4180 laudat,
347 4128 419 4180 quae
429 4112 591 4181 explanavit
599 4111 814 4182 Reisig-Haasez
829 4113 938 4169 Vorlea
948 4114 1018 4168 uber
1027 4112 1076 4166 lat.
1087 4111 1259 4181 Sprachwiss
1271 4152 1277 4177 ‚
1288 4112 1328 4165 Ill

156 4183 207 4238 lat
226 4184 332 4253 Syntax
351 4184 395 4237 ed.
414 4181 701 4254 Semela-Landgraf
715 4183 810 4239 Berlin
830 4188 912 4238 1888:
936 4184 1066 4240 0010888
1085 4185 1134 4238 der
1151 4184 1329 4253 Speciem,

157 4255 233 4309 aiclrt
253 4256 292 4310 im
310 4253 426 4323 sanae,
452 4255 517 4310 oder
537 4256 614 4311 aicbt
635 4257 754 4327 peaeipt,
777 4257 829 4311 olen
846 4255 914 4312 Baa
936 4257 982 4311 des
1000 4255 1092 4310 Setaea
1114 4256 1153 4308 im
1176 4269 1277 4310 coraus
1294 4268 1330 4308 aa

157 4326 311 4395 berecbaea,
328 4326 449 4393 ccbliesat
466 4327 517 4382 dac
535 4326 577 4382 aia
595 4325 774 4396 Hauptaaclre
790 4328 1005 4397 aaraafpeetellte
1023 4326 1131 4382 Nomen
1148 4341 1188 4380 aa
1205 4326 1257 4379 dac
1274 4324 1331 4379 ihm

156 4397 344 4453 cantaturam
362 4397 448 4454 Sinna
466 4399 585 4467 capenae
608 4397 724 4454 Verbum
742 4416 789 4453 aa.

249 4470 277 4537 8)
296 4470 330 4525 cf.
350 4467 439 4525 Varro
457 4469 544 4539 antiq.
563 4485 616 4524 rer.
635 4469 711 4525 bum.
725 4468 792 4523 XXI
811 4472 884 4540 apud
905 4468 1025 4524 Galbam
1040 4467 1115 4535 xm,
1130 4471 1172 4523 18.

1065 4555 1120 4611 33*
