3034 4825
147 252 213 319 486
623 249 654 305 0.
670 199 840 319 Altenburg:

150 440 241 499 quam
268 421 354 481 aiunt
377 418 589 498 psychologica
611 418 786 479 confirmata
808 420 892 494 sunt,
919 436 1024 493 cepere
1049 417 1216 494 exordium,
1243 418 1323 479 inter

150 530 225 589 quos
244 511 318 570 mihi
337 509 455 587 quidem
471 508 626 568 Ziemeri
642 506 764 568 libellus
782 507 830 567 cui
842 507 994 583 inscripsit
1008 507 1322 584 Junggrammatische

151 600 317 678 Streifzbge
338 603 379 658 im
396 597 520 659 Gebiete
535 598 588 657 der
602 590 742 675 syncaxt,
762 595 892 674 Oolberg
904 598 988 657 1883
1004 596 1141 673 inprimis
1154 596 1322 658 laudandus

151 693 206 749 eet.
235 689 281 747 Ex
298 689 352 748 illa
370 688 462 748 animi
479 691 590 747 natura
604 687 703 746 omnia
717 686 856 746 oriuntur
870 686 979 763 quibus
994 686 1157 746 secundum
1170 687 1323 764 uolgarem

151 778 396 838 scholasticorum
417 780 512 836 artem
531 776 758 853 grammaticam
778 775 965 851 offendimur,
983 776 1179 835 attractiones
1196 777 1323 837 maxime

150 868 216 928 dico
235 867 530 942 constructionesque
549 866 736 925 adsensum.

239 956 304 1015 Iam
328 956 354 1015 si
375 955 546 1033 quaerimus
565 954 692 1015 Romani
711 954 802 1031 prisci
820 954 1008 1030 aequabilem
1027 954 1171 1014 sermonis
1191 958 1323 1016 structu-

152 1065 216 1106 rum
235 1064 295 1104 non
314 1045 443 1105 assecuti
463 1044 534 1121 quid
550 1043 710 1119 effecerint,
730 1042 852 1103 Catonis
865 1042 941 1102 illud
957 1062 1012 1119 ego
1026 1043 1118 1104 affero
1131 1048 1324 1121 praeceptum

151 1136 191 1196 M.
210 1134 271 1194 filio
295 1135 400 1194 datum
425 1125 466 1216 (p.
483 1136 534 1211 80,
555 1136 574 1192 2
593 1124 723 1213 Jordan)
744 1151 805 1192 rem
823 1137 898 1201 tenc,
921 1134 1010 1192 uerba
1028 1137 1188 1206 sequentur.
1225 1135 1326 1211 Atque

152 1223 208 1284 hoc
228 1243 295 1284 cum
313 1224 465 1301 gravitate
484 1226 515 1281 et
533 1224 661 1283 veritate
681 1222 830 1282 sentiendi
849 1241 951 1282 eorum
970 1222 1117 1299 congruit,
1138 1223 1190 1300 qui
1208 1243 1326 1284 omnem

153 1316 292 1374 ornatum
316 1312 483 1388 repudiant.
520 1311 586 1383 Qua
608 1331 642 1371 re
660 1314 764 1372 nostra
783 1310 942 1370 admiratio
960 1311 1081 1388 nititur,
1105 1312 1213 1389 quibus
1230 1313 1265 1372 in
1282 1315 1327 1373 in·

151 1403 259 1462 timam
285 1420 346 1461 non
375 1402 473 1460 solum
498 1401 701 1460 Romanorum
729 1402 782 1460 sed
806 1401 906 1476 gentis
929 1401 1049 1459 italicae
1072 1405 1211 1460 naturam
1236 1402 1328 1463 intro·

153 1493 267 1570 spicere
295 1490 378 1564 licet,
408 1491 523 1549 etiamsi
553 1489 712 1566 aliquando
740 1489 924 1549 divinatione
951 1490 1048 1567 magis
1074 1489 1211 1548 ducimur
1238 1511 1327 1570 quam

154 1582 238 1641 certa
252 1578 476 1640 demonstrandi
489 1580 612 1638 ratione.
633 1578 818 1655 Quicumque
831 1578 926 1656 igitur
939 1597 1042 1638 reram
1056 1576 1173 1638 animae
1187 1583 1329 1640 naturam

154 1670 374 1746 contemplatus
393 1669 504 1746 gaudio
523 1667 667 1741 afficitur,
688 1669 713 1727 is
732 1669 897 1745 priscorum
916 1667 1090 1728 Italicorum
1109 1670 1328 1746 contempletur

151 1761 305 1836 pietatem,
320 1758 551 1834 simplicitatem,
566 1757 768 1832 severitatem,
782 1758 992 1830 innocentiam,
1007 1758 1216 1835 constantiam,
1231 1759 1327 1836 digni-

152 1851 260 1923 tatem,
284 1848 514 1924 contempletur,
536 1849 572 1905 ut
590 1847 722 1906 breviter
741 1847 843 1906 finiam
861 1847 943 1907 viros
961 1846 1087 1906 italicos.
1120 1846 1203 1907 Haec
1221 1848 1328 1909 docent

157 1939 276 1996 illorum
300 1954 349 1996 res
371 1940 490 2013 gestae,
512 1937 586 1995 haec
609 1954 720 2013 sermo,
748 1937 785 1996 cf.
805 1934 906 1995 Cicero
925 1936 1013 1994 Bruti
1033 1938 1084 2013 85,
1104 1938 1167 1996 393
1187 1940 1331 1998 orationes

158 2031 254 2088 autem
273 2027 334 2085 cius
354 2016 507 2107 (Catonis)
525 2030 557 2084 ut
574 2026 635 2085 illis
653 2028 827 2100 temporibus
844 2026 929 2084 ualde
947 2026 1050 2095 laudm
1070 2026 1237 2099 siqnificant
1254 2029 1331 2086 enim

157 2118 286 2192 immam
303 2115 461 2188 quamdam
478 2116 595 2188 inponit,
614 2116 664 2174 scd
682 2116 838 2174 admodum
855 2115 1015 2187 impolitam
1034 2132 1069 2173 ac
1080 2115 1173 2187 plane
1190 2117 1300 2175 rudem.

247 2203 331 2274 Quae
355 2204 446 2263 etiam
470 2202 626 2279 Semproni
645 2202 807 2282 Asellionis
830 2201 890 2262 fuit
912 2203 1025 2278 opinio:
1053 2203 1088 2263 fr.
1106 2205 1148 2263 10
1170 2204 1251 2277 facta
1272 2224 1329 2266 sua

156 2298 286 2369 spectare
304 2297 445 2369 oportere,
463 2310 523 2351 non
541 2294 630 2360 dicta,
648 2295 791 2353 siminus
808 2293 982 2366 facundiosa
1001 2297 1100 2352 essent.
1137 2291 1218 2370 Lege
1237 2294 1329 2353 etiam

156 2383 307 2443 Ciceronis
333 2381 426 2443 verba
449 2381 486 2442 de
509 2384 627 2442 oratore
644 2381 677 2442 Il
697 2383 748 2461 12,
767 2383 807 2442 51
832 2386 929 2442 noster
947 2380 1019 2442 Gato
1042 2386 1067 2441 ct
1086 2381 1183 2442 Pictor
1206 2388 1233 2443 et
1250 2384 1329 2454 Piso,

154 2476 205 2547 qui
222 2490 311 2546 neque
329 2476 435 2539 tenent,
458 2473 562 2546 quibus
579 2477 697 2531 ornetur
714 2473 836 2531 historia
855 2475 880 2530 et
898 2473 968 2531 dum
985 2473 1179 2546 intellepatur,
1198 2476 1268 2548 quid
1286 2476 1329 2534 di·

155 2566 231 2630 cant,
250 2579 341 2621 unam
360 2562 473 2621 dicendi
490 2562 606 2620 laudem
618 2565 728 2634 putant
746 2578 806 2620 esse
823 2562 996 2620 breodatem.
1024 2560 1124 2637 Atque
1143 2563 1179 2620 ut
1197 2564 1328 2624 auctoris

156 2655 292 2727 tempore
301 2650 392 2725 paulo
401 2649 551 2708 inferioris
561 2648 674 2708 dictum
684 2649 816 2724 afferam,
827 2648 1029 2719 Quintilianus
1039 2649 1107 2710 inst.
1118 2650 1331 2730 or.x1110,40

156 2740 230 2801 haec
247 2739 353 2799 habet:
376 2739 469 2798 adhuc
487 2740 607 2812 quidam
624 2739 737 2799 nullam
754 2757 815 2798 csse
832 2740 996 2799 naturalem
1008 2744 1117 2814 putant
1135 2738 1331 2815 eloquentiam,

156 2832 215 2890 nisi
233 2847 307 2904 quae
325 2831 363 2888 sit
381 2829 524 2888 cotidiano
541 2826 667 2888 sermoni
684 2830 848 2897 simillima,
867 2846 921 2902 quo
940 2847 1006 2888 cum
1024 2831 1135 2898 amicis,
1154 2833 1330 2905 contupibus

158 2921 269 2986 liberis,
292 2920 384 2978 seroie
406 2920 573 2992 loquamur,
596 2921 722 2977 contento
738 2936 875 2993 promere
898 2920 991 2978 animi
1011 2919 1185 2979 volumtatem
1207 2921 1333 2995 nihilque

159 3010 290 3069 arcessiti
314 3012 339 3067 ct
363 3006 505 3089 elaborati
526 3010 696 3081 requi-rente.
731 3006 920 3083 Ubicumque
938 3007 1033 3084 igitur
1050 3008 1167 3068 animus
1186 3012 1332 3089 mouetur,

159 3097 203 3156 ibi
221 3098 342 3172 linguae
361 3095 522 3155 concitatio
541 3095 715 3173 respondet:
738 3098 781 3156 sic
798 3098 875 3156 mira
892 3097 946 3155 illa
965 3098 1061 3156 oritur
1078 3098 1221 3173 loquendi
1239 3100 1333 3158 abun·

160 3185 272 3260 dantia,
292 3204 352 3261 qua
367 3187 505 3245 auctores
523 3203 577 3244 neo
596 3186 750 3245 cumulare
764 3187 858 3246 verbu
870 3205 925 3245 neo
939 3189 1074 3262 repetere
1089 3187 1218 3263 fugiunt,
1237 3189 1333 3246 oritur
1420 3246 1422 3249 ,

160 3277 194 3333 ut
213 3275 249 3334 de
269 3274 377 3333 ceteris
396 3277 521 3349 taceam,
541 3273 687 3334 dissoluta
704 3274 758 3333 illa
777 3275 936 3335 verborum
955 3274 1147 3334 continuatio.
1175 3275 1221 3334 Ex
1234 3276 1332 3336 altera

160 3365 263 3423 autem
286 3365 374 3439 parte
397 3362 573 3438 simplicitas
596 3364 627 3421 in
650 3364 859 3440 neglegentiae
878 3365 1005 3424 formam
1024 3363 1160 3423 vertitur.
1196 3363 1245 3423 Ita
1264 3383 1332 3424 cum

159 3471 282 3529 prorsus
302 3452 380 3511 desit
398 3450 597 3530 subiungendi
615 3452 703 3527 ratio,
722 3452 927 3529 impeditiores
945 3453 1016 3512 illae
1029 3452 1187 3530 finguntur
1202 3457 1299 3514 struet
1322 3490 1331 3499 -

158 3562 224 3621 rue,
252 3561 328 3618 quae
355 3541 409 3602 ubi
431 3541 578 3600 maximae
602 3544 686 3619 sunt,
708 3541 740 3601 in
763 3543 916 3620 ingentem
940 3542 1157 3603 sententiarum
1180 3544 1333 3603 cumulum

159 3633 328 3707 molemque
348 3632 493 3690 crescunt.
525 3629 610 3700 Quod
628 3632 810 3708 posteriores
825 3631 950 3691 Romani
969 3631 1028 3708 ipsi
1046 3649 1165 3690 sensere
1183 3651 1277 3709 eaque
1297 3633 1333 3693 de

159 3741 192 3781 re
212 3722 330 3798 saepius
350 3720 442 3781 verba
460 3720 565 3798 fecere,
584 3721 621 3782 cf.
640 3719 743 3780 Cicero
762 3721 851 3779 Bruti
871 3723 921 3797 16,
941 3723 982 3780 33
1002 3738 1054 3780 our
1072 3722 1161 3794 ipitur
1179 3721 1289 3796 Ipsius
1308 3728 1334 3782 et

159 3810 325 3887 prcridcs
348 3813 478 3878 amatur,
502 3827 567 3870 eum
583 3813 704 3887 penitus
725 3813 873 3885 ipnoretur
896 3807 988 3870 Cato?
1015 3812 1161 3883 antiquior
1184 3815 1226 3871 est
1246 3813 1333 3872 huius

159 3917 252 3960 sermo
276 3904 301 3958 et
323 3901 465 3973 quaedam
488 3900 653 3959 horridiora
675 3901 770 3960 cerba.
807 3902 850 3959 ita
873 3901 949 3958 enim
971 3903 1032 3958 tum
1055 3900 1252 3973 loquebantur.
1294 3901 1330 3961 cf.

160 3989 294 4048 eiusdem
321 3989 422 4064 legum
440 3987 456 4047 Ι
476 3991 504 4066 2,
525 3991 543 4050 6
569 3979 628 4070 (ed.
648 3983 781 4069 Vahlen)
806 3988 910 4048 Fauni
932 3994 1028 4049 autem
1050 3993 1143 4049 aetate
1165 3993 1333 4049 coniunctus

159 4076 316 4152 Antipater
332 4079 427 4152 poulo
449 4080 564 4149 inflavit
585 4078 776 4139 uehementius
795 4079 950 4152 habuitque
967 4081 1045 4138 uires
1062 4081 1186 4154 aprcstis
1203 4080 1251 4137 ille
1269 4081 1332 4152 qui·

160 4169 224 4226 dcm
248 4171 333 4240 atquc
354 4167 490 4226 horridas
511 4170 574 4227 sinc
595 4170 688 4227 nitore
710 4186 746 4226 uc
762 4170 923 4242 palaestra.
960 4167 1076 4227 Similia
1094 4167 1174 4242 apud
1193 4167 1330 4227 Tacitum

161 4260 192 4315 et
215 4254 433 4325 Quintilianum
459 4274 507 4314 me
532 4257 632 4333 legere
655 4256 786 4317 memini.
808 4257 911 4315 —De
935 4260 1000 4317 arte
1023 4276 1041 4316 a
1063 4256 1169 4332 priscis
1192 4257 1331 4333 neglecta

161 4345 221 4403 iam
241 4343 355 4403 Gellius
378 4344 407 4403 id
432 4343 510 4419 quod
534 4349 650 4405 rectum
673 4350 753 4405 esset
775 4346 865 4406 vidit:
893 4347 1023 4406 noctium
1042 4345 1201 4405 atticarum
1219 4346 1271 4421 XI,
1292 4349 1332 4407 13

164 4436 196 4494 in
215 4435 277 4494 eius
295 4426 342 4513 (O.
357 4431 564 4509 Sempronium
584 4432 754 4494 Gracchum
773 4429 859 4516 dicit)
878 4439 1017 4498 orationis
1031 4437 1180 4510 principio
1197 4437 1335 4501 colhcata
