3034 4825
370 264 375 272 ἡ
432 183 474 239 De
492 199 619 239 sermono
636 184 762 253 pedestri
778 184 915 240 Italorum
933 185 1133 244 vetustissimo.
1302 189 1368 253 487

196 358 285 417 acuto
303 359 372 416 suut
389 356 555 416 accuratius
572 355 815 430 modulatiusque,
839 372 928 429 quaro
944 360 1071 416 actuum
1088 361 1237 417 matorum
1255 375 1370 418 mutue

197 448 265 507 tudo
282 447 349 520 fert.

13 601 16 610 f
38 608 43 614 Ι
285 534 409 595 Catonis
428 534 505 594 sicut
522 553 620 594 mores
640 534 683 593 ita
702 552 800 594 sermo
819 535 959 611 proprius
978 536 1038 607 est,
1062 537 1096 594 ut
1114 537 1277 612 asperitate
1295 555 1367 612 que-

90 620 94 626 ’
195 626 263 684 dam
283 643 496 701 saepenumero
513 624 679 701 legentium
699 624 792 683 animi
810 624 987 684 afficiantur.
1025 622 1268 684 Commodissima
1288 627 1366 685 enim

195 714 232 773 de
251 733 286 773 eo
301 713 404 775 Livius
419 712 584 789 XXXVIII,
600 714 642 774 54
661 718 759 781 marte,
778 713 886 795 inquit,
904 711 1044 787 Africani
1060 732 1172 774 crecere
1184 717 1368 775 inimicorum

194 805 300 871 animi,
322 820 445 877 aeuum
456 805 597 877 priuups
613 803 672 876 fuit
689 803 734 863 M.
748 802 870 862 Porcius
890 801 971 871 Cato,
989 806 1039 877 put
1057 806 1121 864 otoo
1139 822 1249 879 quoquc
1267 822 1298 864 oo
1316 807 1368 863 ad-

194 893 305 953 latrare
322 893 550 966 mapuitudiucra
569 894 630 951 ctus
648 893 748 952 solitus
767 897 844 951 esset.

283 981 331 1041 sio
353 982 384 1040 in
408 999 563 1042 commune
587 980 733 1058 quaedam
756 981 912 1058 praefatus
931 980 991 1040 iam
1010 981 1128 1057 singula
1147 1001 1223 1057 quae
1243 982 1280 1041 ad
1298 1002 1366 1059 pro·
1452 1017 1455 1024 ⁴

193 1070 290 1147 prium
319 1069 493 1131 vetustioris
516 1069 689 1130 Italicorum
716 1071 861 1129 sermonis
890 1069 1027 1129 habitum
1053 1070 1266 1130 illustrandum
1294 1090 1366 1147 prae

194 1160 301 1220 ceteris
314 1160 390 1218 mibi
404 1159 544 1218 videntur
558 1178 622 1219 esse
637 1179 726 1236 quam
740 1160 868 1218 maxime
882 1159 989 1218 idonea
1002 1159 1147 1220 tractabo.
1178 1159 1261 1230 Quae
1275 1180 1365 1236 quae·

195 1248 308 1308 stiones
337 1268 404 1309 cum
431 1248 528 1308 adbuc
555 1248 619 1308 fera
646 1248 721 1307 nihil
743 1248 938 1325 proiecerint,
966 1251 1150 1325 quantopere
1173 1248 1245 1309 viris
1270 1250 1365 1310 doctis

193 1337 274 1398 cordi
289 1338 358 1415 sint,
373 1337 517 1414 principis
531 1337 752 1414 philologorum
767 1337 987 1396 Buecheleri
1001 1338 1094 1397 verba
1106 1339 1226 1397 docent:
1246 1339 1366 1399 Umbri-

191 1445 293 1487 oorum
310 1427 431 1487 Boanae
447 1428 531 1487 1883
553 1427 701 1487 editorum
719 1447 747 1502 p.
764 1427 806 1487 53
825 1444 927 1485 oerum
941 1429 1015 1485 euim
1028 1428 1083 1498 bas
1096 1429 1227 1501 mutaris
1240 1431 1365 1502 oripiuea

189 1533 273 1575 uerno
291 1518 361 1576 dum
373 1517 465 1589 plena
482 1519 677 1576 obseruatione
691 1518 833 1590 explicuit.
862 1516 898 1575 et.
912 1515 1056 1575 Norden
1070 1516 1102 1574 in
1116 1516 1214 1574 Musei
1228 1517 1365 1575 Rhenani

189 1603 458 1665 v01.xxxxv111
485 1597 525 1685 (a.
550 1595 651 1686 1893)
680 1626 709 1681 p.
733 1606 797 1666 549
826 1623 900 1679 quae
926 1623 1073 1679 nusquam
1099 1606 1214 1665 collecta
1237 1608 1365 1666 iuoeulrt

190 1696 317 1753 maxime
335 1695 488 1755 doleuduuc
506 1698 553 1754 est.

670 1924 883 1931 ——---—-————-

692 2187 807 2272 Caput
828 2186 861 2254 Ι.

538 2419 540 2423 ,
578 2360 627 2416 De
651 2357 748 2429 eopia
770 2358 967 2416 verborum.

277 2498 377 2559 Aucta
395 2498 487 2558 animi
505 2499 665 2559 commotio
684 2489 732 2579 (in
751 2497 967 2558 sententiarum
985 2493 1246 2579 pronuntiatione)
1261 2500 1361 2562 verbis

189 2589 348 2665 duplicatis
371 2588 420 2648 vel
443 2588 582 2665 repetitis
605 2588 800 2665 significatur.
838 2586 920 2658 Quae
944 2590 979 2646 ut
997 2586 1117 2666 crescit,
1139 2587 1183 2647 ita
1201 2608 1299 2649 sermo
1317 2591 1360 2648 in-

188 2678 307 2738 citatur.
341 2678 428 2737 Ratio
451 2677 561 2754 igitur,
584 2696 661 2754 quae
683 2678 764 2737 inter
785 2677 957 2736 interiorem
981 2676 1144 2736 motionem
1167 2680 1257 2754 atque
1280 2681 1360 2738 ext-

187 2767 296 2826 riorem
319 2767 458 2826 effectum
480 2767 614 2844 intersit,
643 2765 740 2844 magis
764 2786 800 2826 ex
823 2785 912 2826 sensu
934 2766 1000 2841 ipsa
1023 2785 1058 2826 ac
1078 2770 1188 2826 natura
1210 2786 1300 2843 quam
1324 2788 1360 2827 ex

186 2856 308 2915 consilio
333 2873 367 2914 ac
390 2855 547 2915 voluntate
561 2856 689 2931 'pendet
727 2854 925 2923 Quamobrem
949 2855 1025 2914 hano
1042 2856 1183 2931 loquendi
1201 2861 1359 2916 consuetu-

185 2943 285 3002 dinem
302 2942 439 3019 inprimis
459 2944 539 3019 apud
558 2962 609 3002 eos
628 2942 764 3003 homines
782 2943 965 3017 invenimus,
989 2942 1041 3018 qui
1059 2944 1225 3002 animorum
1244 2945 1359 3020 cogita·

186 3032 285 3091 tiones
308 3032 346 3090 ad
370 3032 565 3107 compositam
585 3031 734 3108 quandam
752 3032 851 3108 legem
869 3032 1065 3090 strationem
1084 3033 1270 3092 conformare
1287 3052 1359 3093 non-

186 3122 256 3180 dum
279 3119 449 3197 didicerint,
471 3120 503 3179 id
522 3124 582 3197 est,
605 3120 785 3196 ubicumque
803 3139 900 3197 neque
919 3120 1054 3180 educatio
1073 3140 1127 3180 nee
1146 3123 1244 3182 cultus
1263 3143 1358 3200 neque

186 3214 268 3271 artes
291 3209 424 3269 naturali
447 3210 601 3271 hominum
625 3211 727 3270 sensui
749 3211 871 3270 modum
894 3211 1003 3287 fecere,
1026 3213 1062 3270 ut
1079 3211 1184 3287 lingua
1201 3211 1305 3272 nativa
1323 3233 1358 3273 ao

186 3301 311 3376 simplex
329 3319 397 3358 cum
416 3300 527 3359 nativis
546 3302 693 3376 congruat
711 3299 954 3376 cogitationibus.
1043 3306 1045 3309 ’

273 3388 382 3464 ltaque
399 3387 510 3465 siquis
529 3388 623 3447 alium
642 3407 695 3448 sea
714 3389 826 3466 gaudio
845 3408 899 3448 seu
915 3383 1016 3448 dolore
1031 3392 1199 3449 commovet
1212 3409 1266 3450 seu
1281 3393 1355 3468 quid

183 3479 256 3537 recti
280 3477 407 3553 bonique
431 3479 469 3537 ab
493 3497 527 3537 eo
552 3481 582 3537 et
605 3477 708 3536 sentiri
733 3477 955 3554 attenuati,
979 3478 1016 3536 de
1041 3478 1096 3536 tali
1115 3480 1207 3537 animi
1226 3480 1356 3540 motione

183 3567 295 3642 agitur,
331 3566 426 3626 veluti
459 3567 492 3625 in
525 3566 759 3641 hortationibus,
792 3566 975 3643 praeceptis,
1009 3567 1138 3644 legibus.
1188 3566 1234 3627 Ac
1263 3570 1355 3630 motio

182 3654 302 3729 quidem
325 3654 414 3714 huius
438 3656 519 3715 modi
540 3656 611 3732 erit,
635 3657 670 3714 ut
689 3656 812 3715 effectus
831 3657 937 3731 sponte
954 3657 1051 3715 multo
1069 3657 1275 3719 vehementior
1292 3679 1355 3718 ma-

182 3743 289 3819 gisque
322 3744 457 3802 assiduus
489 3744 550 3803 fiat.
580 3775 621 3784 -
651 3744 734 3813 Quae
761 3745 927 3820 priscorum
954 3743 1128 3804 Italicorum
1156 3749 1355 3808 monumentis

182 3832 420 3907 comprobantur,
456 3832 619 3893 Multitudo
643 3834 721 3892 enim
745 3833 918 3909 verborum,
943 3833 1051 3910 quibus
1075 3851 1135 3891 una
1157 3835 1239 3895 notio
1260 3839 1354 3914 expri-

182 3923 295 3997 matur,
323 3938 412 3994 saepe
435 3923 521 3980 tanta
543 3925 603 3997 ast,
627 3923 736 3981 utilia
758 3924 858 3981 aetate
882 3940 979 3981 sermo
1003 3922 1117 3981 latinus
1143 3924 1232 3983 etiam
1258 3928 1353 4004 magis

180 4010 283 4070 vivere
301 4027 336 4069 ac
355 4008 459 4068 florere
477 4011 552 4069 mihi
568 4013 715 4085 uideatur,
734 4030 826 4089 quarn
844 4011 924 4087 apud
943 4010 1073 4086 optimos
1091 4012 1213 4072 adultae
1229 4015 1352 4091 linguae

181 4103 328 4160 auctores.

269 4185 451 4263 Saepissime
468 4206 530 4247 una
548 4189 663 4250 duobus
680 4190 780 4251 verbis
798 4187 975 4265 exprimitur
992 4190 1089 4268 notio,
1110 4210 1237 4267 quorum
1256 4211 1353 4268 pauca

182 4276 290 4337 leviter
322 4276 445 4353 collegit
471 4276 592 4348 Holtze,
624 4279 758 4357 syntaxis
789 4280 955 4354 priscorum
983 4279 1162 4356 scriptorum
1189 4279 1352 4339 latinorum

182 4383 276 4441 usque
295 4366 334 4424 ad
353 4366 536 4444 Terentium,
554 4367 674 4443 Lipsiae
695 4370 791 4446 1861,
809 4367 825 4426 I
843 4388 870 4442 p.
887 4368 961 4427 342.

13 4630 668 4822 Q
