3034 4825
945 206 980 223 l

590 300 591 303 =
686 264 717 318 Ο.
732 261 901 334 Alteubnrg:

525 435 553 492 1.
584 436 633 491 De
656 435 897 493 assimilatione
919 436 1060 497 formae.

696 533 728 603 a)
748 530 887 590 donans.

263 605 266 609 ⁸
295 617 392 687 Varro
407 627 425 687 l.
441 627 509 704 LV,
526 589 566 688 11¹
569 629 587 689 3
601 648 742 704 purpura
761 650 781 689 a
794 648 949 705 purpurae
965 633 1141 692 maritumae
1159 634 1258 701 celere,
1277 632 1383 695 Perai-

207 732 272 773 cum
290 718 366 789 qued
383 736 402 776 a
420 718 524 777 Peeuis
536 721 670 792 primum
683 720 789 778 dicitur
803 721 903 780 allata.
917 751 961 760 —
975 721 1021 779 Ex
1033 740 1181 797 purpura,
1201 724 1382 800 cumprime

206 803 272 863 leco
289 800 380 882 caput
405 807 535 881 positum
555 808 608 884 sit,
626 808 751 868 verbum
776 811 923 868 structum
943 812 996 869 111.
1033 808 1140 887 Itaque
1160 829 1380 888 supervacuum

205 896 289 971 pute,
308 897 343 953 ut
360 895 473 955 Laetus
492 896 596 973 veluit,
616 897 774 957 emendare
793 899 923 957 allatum.

715 1040 747 1111 b)
769 1040 871 1096 Casus.

204 1236 317 1308 arfuise
330 1236 428 1294 ueleut.
446 1265 483 1276 —
502 1233 577 1294 Cum
591 1235 794 1296 nominativus
807 1238 881 1295 uirei
895 1239 964 1295 ante
978 1237 1106 1313 legatur,
1121 1243 1202 1298 certe
1217 1256 1253 1299 ea
1267 1244 1377 1314 aetate,

204 1324 287 1382 cuius
312 1327 448 1383 auctores
473 1324 605 1400 aliquam
628 1325 858 1384 concinnitatem
878 1325 1039 1385 verborum
1058 1332 1294 1407 consequuntur,
1312 1349 1376 1389 mu-

202 1412 458 1491 lieresdixisscnt3
472 1415 523 1472 sed
539 1414 690 1473 ablativus
704 1413 880 1472 interiectus
891 1415 943 1490 qni
953 1415 1052 1472 anime
1068 1416 1226 1475 scribentis
1235 1417 1376 1493 inhaesit,

206 1502 358 1577 sequentis
377 1501 462 1562 verbi
481 1503 645 1562 ablativum
664 1504 771 1563 effecit.

293 1590 367 1652 Cato
387 1592 423 1650 de
437 1611 463 1651 a.
478 1610 501 1650 1.
518 1593 568 1665 23,
584 1593 605 1651 4
624 1591 758 1652 tortivum
776 1596 903 1651 mustum
921 1594 1183 1653 circumcidamum
1201 1611 1253 1653 sue
1273 1596 1375 1667 cuique

203 1680 278 1739 dolie
310 1677 431 1740 dividite
456 1710 494 1721 -
519 1700 572 1757 pro
599 1699 652 1740 sere
679 1683 808 1754 quodque
830 1712 872 1724 -
897 1686 950 1740 aut
977 1700 1064 1742 suum
1091 1686 1199 1756 cuique.
1226 1712 1264 1724 -
1292 1682 1377 1741 Hanc

202 1769 364 1828 formulam
381 1770 518 1844 inprimis
538 1769 749 1846 adaequationi
767 1769 905 1829 idoneam
925 1788 999 1843 esse,
1016 1771 1077 1830 ism
1093 1771 1209 1831 Ziemer
1224 1772 1278 1831 l.o.
1293 1792 1320 1847 p.
1334 1774 1376 1832 70

202 1859 355 1934 perspexit
385 1859 440 1918 hoc
464 1859 598 1934 exemplo
628 1860 733 1919 allato:
764 1862 812 1919 sui
834 1863 938 1934 quique
965 1878 1060 1919 meres
1088 1863 1204 1935 linquat
1226 1863 1377 1934 fortunam

201 1947 364 2007 homiuibus
382 1938 539 2028 (Ribbeck,
559 1949 661 2008 comic.
680 1949 764 2008 latin.
783 1949 837 2007 rel.
855 1948 871 2007 I
888 1968 917 2025 p.
934 1940 1022 2030 108).
1041 1950 1131 2009 -11,
1152 1952 1224 2025 312,
1241 1951 1280 2008 91
1302 1968 1377 2023 quae

202 2038 347 2109 stipeudia
365 2039 397 2095 iu
416 2040 534 2097 castreis
547 2040 613 2096 iuue
625 2039 782 2112 prouincia
795 2040 934 2096 maiorem
944 2041 1059 2110 partem
1073 2040 1121 2096 sui
1133 2040 1291 2111 quoiusque
1305 2041 1378 2097 auui

201 2127 361 2196 fecerit-
380 2126 434 2185 ubi
461 2126 632 2203 genetivum
662 2129 818 2201 quoiusque
845 2119 914 2201 (pro
942 2119 1143 2207 nominativo)
1171 2145 1230 2186 uon
1256 2128 1377 2187 nisiex

201 2216 307 2273 ceteris
327 2215 443 2275 duobus
463 2216 619 2297 genetiuis,
639 2216 749 2291 quippe
768 2215 820 2290 qui
839 2233 906 2278 eum
921 2215 1112 2289 circumdent,
1132 2234 1288 2290 procusum
1309 2235 1374 2275 esse

201 2308 334 2379 apparet.
345 2304 481 2363 -Idem
498 2304 656 2382 312,102.
693 2304 791 2364 Varro
805 2304 824 2361 l.
839 2303 859 2364 l.
873 2305 908 2379 X,
918 2305 961 2363 48
977 2302 1069 2377 (eum)
1084 2307 1205 2363 debeaut
1216 2309 1264 2364 sui
1277 2309 1374 2365 cuius·

200 2411 254 2466 que
269 2397 383 2469 perieris
395 2397 428 2454 iu
442 2395 636 2469 eeuiuapeude
651 2395 791 2469 aepulari.
805 2424 842 2435 -
858 2393 942 2453 Idem
959 2393 1152 2452 statuendum
1166 2393 1238 2454 mihi
1254 2394 1374 2456 videtur

200 2484 237 2542 de
256 2485 329 2558 294,
345 2485 385 2544 31
406 2487 439 2542 ui
457 2487 522 2557 quis
536 2486 668 2557 posidete
685 2486 745 2543 uisi
763 2485 798 2543 de
815 2486 925 2542 maiore
943 2487 1030 2556 parte
1047 2484 1250 2557 Laupeusium
1274 2485 1372 2543 Veitu-

199 2575 314 2631 rierum
340 2575 479 2632 scatentia
501 2603 536 2612 -
559 2591 613 2648 pro
636 2575 759 2631 maioris
784 2575 890 2645 partis.
913 2603 951 2614 ·-
973 2571 1004 2630 Si
1032 2590 1153 2631 causam
1182 2574 1314 2649 quaeris,
1344 2573 1376 2631 in

199 2661 405 2736 praepositum
423 2662 458 2720 de
480 2660 612 2719 animum
634 2660 788 2738 intendas,
812 2679 881 2719 narn
904 2662 960 2720 hoc
978 2660 1090 2719 factum
1109 2664 1170 2737 est,
1190 2666 1224 2720 ut
1243 2662 1372 2738 primum

199 2769 319 2825 nomen,
344 2751 422 2827 qnod
446 2750 595 2828 seqnitur,
617 2750 686 2810 inde
710 2753 886 2809 strueretur.
926 2749 1000 2809 Cato
1020 2768 1061 2811 or.
1080 2750 1139 2827 1,4
1164 2768 1271 2825 aprum
1289 2768 1371 2825 quem

205 2838 300 2899 Volsci
330 2840 506 2906 habueruut,
535 2842 703 2914 campestris
724 2841 828 2913 pterus
850 2840 1044 2914 Aboriqiuum
1071 2842 1189 2914 fuit-
1211 2860 1266 2918 pro
1294 2857 1371 2914 aper.

199 2959 240 2969 -
260 2927 296 2989 In
314 2929 405 2990 verbo
425 2947 530 3004 aprum
547 2929 767 3004 pronuntiando
790 2929 922 2989 auctoris
941 2930 1040 2989 animo
1058 2929 1120 2988 iam
1139 2931 1306 2989 enuntiatio
1325 2947 1372 2988 re·

197 3016 293 3078 111111
319 3018 412 3093 11111,
441 3021 477 3078 11
505 3018 595 3078 huius
621 3022 780 3095 Ι1111111111
811 3039 879 3078 cnm
905 3023 1059 3079 structura
1085 3020 1168 3079 illius
1202 3020 1372 3079 misceatur.

200 3105 236 3165 cf.
255 3106 295 3166 ib.
315 3109 366 3183 32,
382 3109 410 3166 2.

286 3195 381 3255 Versa
407 3196 472 3256 1111
499 3195 535 3254 de
563 3196 747 3256 nominativo
776 3198 877 3272 agitur
907 3199 980 3274 294,
999 3198 1041 3258 43
1073 3197 1201 3257 Vituries
1223 3189 1372 3277 (flectitur

196 3288 298 3343 autern
317 3285 479 3344 secundum
498 3284 768 3344 e·declinationem
787 3283 824 3344 ef.
843 3305 870 3345 v.
887 3288 905 3345 5
928 3283 1136 3365 Viturierum),
1162 3288 1227 3359 quei
1243 3326 1364 3343 ......

196 3375 318 3434 iudicati
345 3378 397 3434 aut
423 3375 555 3433 damuati
583 3378 663 3442 mut,
690 3376 732 3433 sei
759 3376 824 3447 quis
836 3418 955 3439 ......
967 3393 1013 3434 ees
1036 3392 1133 3433 omues
1154 3393 1266 3448 -pro
1288 3374 1368 3432 Vitu-

197 3466 264 3524 ries.
302 3463 338 3522 el.
363 3481 451 3522 carm.
477 3482 555 3524 evoe.
579 3462 658 3538 apud
676 3462 862 3523 Macrobinm
880 3463 974 3537 ΙΙ[,9
998 3468 1079 3537 teque
1101 3465 1226 3522 mauireu
1248 3463 1296 3521 ille
1320 3465 1371 3536 qui

195 3555 278 3613 urbis
295 3553 382 3612 buius
394 3553 552 3627 populique
569 3553 686 3611 tutelam
704 3555 848 3627 recepisti,
862 3571 975 3626 precor.
992 3583 1030 3594 —
1047 3551 1120 3621 Quis
1140 3569 1198 3611 nen
1217 3555 1370 3628 exspectet

195 3643 298 3701 illum?
334 3642 395 3702 tab.
410 3641 452 3719 lg.
470 3640 511 3699 vl
527 3642 552 3700 A
570 3644 609 3701 19
630 3660 716 3701 uaser
730 3645 838 3701 uerum
853 3641 1020 3708 Treblauir,
1039 3643 1127 3713 persi
1144 3657 1226 3700 ecrer
1238 3642 1370 3715 pebauer

191 3749 272 3805 paca
299 3732 470 3799 estmseudi,
499 3747 530 3789 ee
552 3733 595 3790 ise
618 3732 736 3790 esteudu
757 3761 796 3773 -
817 3747 870 3805 pro
889 3746 958 3788 uase
977 3719 1187 3811 (accusative).
1226 3729 1367 3791 Nomina·

196 3819 292 3879 tivum
320 3821 358 3879 ad
375 3822 461 3895 persi
483 3822 646 3879 attractum
672 3837 737 3879 esse
761 3819 821 3878 iam
845 3818 1021 3893 Buecheler,
1044 3817 1255 3880 Umbrioornm
1278 3841 1307 3896 p.
1328 3822 1367 3879 51

198 3908 378 3970 observavit.

286 3996 465 4074 Calpurnius
492 3998 563 4058 Piso
591 3998 627 4058 fr.
649 4001 687 4059 19
722 3999 793 4072 quia
821 3997 982 4071 Tarquinio
1014 3999 1129 4058 uomiue
1156 4002 1227 4058 esset
1251 4028 1290 4038 -
1315 4015 1368 4070 pro

197 4085 385 4160 Tarquiuius.
404 4119 446 4129 -
467 4088 561 4158 Quem
585 4089 622 4146 ad
645 4088 743 4147 locum
764 4085 879 4147 Gellius
899 4085 954 4152 XV
970 4088 1010 4147 23
1036 4088 1173 4147 adnotat:
1201 4088 1276 4145 duae
1297 4087 1370 4144 istae

194 4178 227 4241 iu
254 4177 391 4250 lequeude
417 4179 531 4251 liparae
562 4182 647 4237 uotae
673 4179 746 4237 satis
772 4179 952 4249 usitataeque
978 4182 1059 4235 suut:
1091 4177 1163 4234 mibi
1194 4191 1297 4233 romeu
1329 4179 1372 4233 est

194 4265 294 4325 Iulius
313 4294 354 4306 -
373 4268 404 4323 et
426 4266 497 4325 milri
518 4284 621 4325 uomeu
648 4271 690 4325 est
711 4264 791 4325 Iulio
811 4295 852 4306 -
873 4267 988 4324 tertiam
1013 4267 1142 4339 fiquram
1169 4280 1275 4321 aeuum
1299 4282 1368 4339 ¹rep—

189 4357 258 4427 peri
276 4355 357 4429 apud
373 4353 508 4412 Piseuem
525 4347 706 4432 (sequuntur
723 4353 807 4412 illius
827 4349 942 4430 verba).
962 4351 1071 4410 -Ita
1091 4369 1145 4427 ego
1169 4350 1201 4409 in
1226 4353 1281 4412 hoc
1304 4353 1368 4413 loco

194 4441 376 4519 interpretor
392 4440 551 4515 Tarquiuie
565 4440 741 4520 ablativum,
761 4442 811 4516 qui
827 4442 964 4517 sequenti
977 4442 1092 4505 uemiue
1105 4444 1290 4517 exaequatus
1306 4445 1363 4519 est3
