3034 4825
537 1246 819 1344 Conspectus
848 1248 1063 1344 capitum.

1330 1470 1387 1510 nas.

265 1526 406 1585 Praefatio
433 1570 1296 1588 .........................
1335 1535 1388 1584 485

267 1615 332 1687 Cap.
376 1616 397 1671 I.
434 1617 475 1671 Dc
494 1614 578 1686 copia
595 1617 745 1673 verborum
756 1660 1298 1675 ................
1335 1623 1389 1673 487

268 1707 333 1777 Cap.
362 1707 396 1763 11.
433 1705 596 1775 Asyndeton
612 1747 1298 1765 ....................
1313 1738 1316 1744 -
1336 1713 1389 1763 405
1474 1737 1477 1758 ι

268 1794 335 1866 Cap.
353 1796 401 1852 ΙΙΙ.
438 1796 479 1850 De
498 1796 705 1851 coordinatione
722 1838 908 1853 ......
908 1822 913 1836 =
938 1839 1299 1854 ...........
1336 1803 1354 1850 4
1356 1803 1390 1851 00
1476 1821 1478 1824 ·

330 1885 352 1942 Ι.
379 1884 554 1957 singularum
572 1884 716 1939 notionum
724 1927 908 1941 ......
911 1837 938 1923 b
939 1927 1301 1944 ...........
1338 1890 1392 1939 500

317 1974 352 2030 ΙΙ.
380 1975 560 2045 periodorum
582 2017 1300 2032 .....................
1338 1981 1392 2029 506

270 2063 337 2134 Cap.
357 2063 403 2119 IV.
441 2063 482 2118 Dc
501 2062 671 2141 attractione
690 2063 848 2134 syntactica
868 2105 1302 2121 .............
1339 2068 1393 2116 513
1473 2061 1476 2070 “

332 2153 352 2208 1.
382 2154 416 2208 de
435 2153 637 2209 assimilatione
656 2154 762 2209 formae
798 2195 1301 2211 ...............
1340 2158 1393 2206 514
1472 2203 1476 2226 Ι

324 2244 357 2298 11.
386 2243 420 2299 de
439 2242 643 2311 adaequatione
662 2247 703 2298 rei
721 2246 887 2312 (structurae
906 2244 941 2299 ad
961 2246 1084 2312 sensnm)
1116 2283 1300 2297 ......
1340 2247 1391 2295 517
1473 2239 1477 2258 ¹

271 2330 336 2403 Gap.
374 2330 404 2388 V.
441 2330 483 2386 De
502 2333 629 2388 subiecto
647 2335 697 2388 aut
715 2350 770 2388 non
790 2334 946 2402 significato
967 2336 1015 2389 aut
1034 2335 1141 2388 mutato
1153 2372 1302 2387 .....
1341 2335 1391 2384 521
1473 2311 1477 2360 ’·

272 2422 338 2493 Cap.
358 2422 404 2477 VI.
441 2423 483 2477 De
502 2422 689 2478 collocatione
708 2426 854 2479 verborum
904 2462 1302 2481 ............
1340 2424 1393 2474 523
1475 2490 1478 2499 Ι

334 2511 354 2567 Ι.
384 2510 526 2580 adiectivi,
546 2513 730 2583 (numeralis),
750 2512 878 2568 adverbii
903 2553 1302 2569 ............
1341 2516 1394 2563 524
1475 2504 1479 2557 ἶ

321 2601 355 2656 ΙΙ.
383 2599 502 2672 genitivi
521 2603 690 2656 substantivi
725 2642 1302 2658 .................
1341 2603 1392 2653 527

307 2690 354 2744 ΙΙΙ,
382 2688 460 2744 verbi
479 2689 552 2742 finiti
583 2731 1302 2747 .....................
1341 2692 1394 2741 528

307 2780 353 2834 IV.
381 2777 575 2849 pronominum
582 2819 1302 2836 .....................
1341 2782 1393 2831 529

228 2924 232 2935 s
318 2869 351 2924 V.
379 2867 579 2939 particularum
618 2909 1302 2925 ....................
1341 2871 1394 2919 530

276 2957 317 3011 De
336 2955 478 3013 Ciceronis
498 2957 606 3028 legibus
624 2996 1303 3015 ....................
1342 2960 1393 3009 531
