3034 4825
205 256 270 321 516
652 257 655 262 ’
684 257 715 313 Ο.
730 258 902 328 Alteubnrg:

684 421 714 491 c)
734 418 905 490 temporis.

294 536 401 613 293,8
425 536 460 595 de
477 535 581 603 heisco,
605 536 675 594 dnm
696 553 772 610 mop.
792 540 844 594 not
866 537 1021 610 imperinm
1042 535 1200 602 habebunt,
1223 536 1390 596 ioodicinm

1494 400 1496 411 t

204 642 263 683 non
280 626 389 696 siet·
401 622 581 685 Postsrioris
601 625 708 684 aetatis
727 627 864 684 auctores
883 627 953 700 post
970 625 1041 684 dom
1059 624 1212 700 praesenti
1226 627 1391 685 contentos
1495 647 1496 656 ¹

204 713 299 773 fuisse
317 712 397 773 inter
415 731 517 773 omnes
538 715 664 772 constat.
701 712 760 773 Hic
778 715 889 787 autem,
909 732 1090 790 quamquam
1109 713 1204 772 studii
1219 714 1391 774 accuratio-

203 802 252 862 nie
270 802 417 862 rationem
437 802 603 862 ducendam
622 820 687 862 esse
705 821 766 861 non
784 821 871 881 nego,
890 807 992 863 tamen
1010 820 1131 862 causam
1146 803 1241 862 futuri
1255 803 1288 862 in
1302 805 1389 862 omni

203 890 357 951 interdicti
379 896 488 952 nature
513 892 604 951 sitam
628 908 692 951 esse
716 910 894 967 persuasum
917 892 1027 968 habeo,
1051 911 1119 951 cum
1141 892 1173 951 id
1195 892 1390 951 infuturum

203 983 322 1057 tempus
334 984 457 1057 spectet.
477 981 550 1042 Dico
557 982 701 1040 tobebont
708 982 845 1058 sequenti
851 985 902 1055 rtet
909 981 1109 1058 adaequatum
1118 999 1191 1041 esse.
1208 981 1389 1059 of.294‚29,

204 1070 281 1129 alias
301 1071 429 1146 saepius.
468 1068 564 1130 Varro
584 1071 602 1129 l.
622 1070 642 1129 l.
657 1069 693 1144 V,
711 1073 750 1129 13
776 1089 835 1130 non
853 1089 918 1130 corn
936 1073 971 1132 de
988 1072 1058 1131 locis
1076 1072 1186 1138 dicem,
1211 1073 1237 1130 si
1255 1072 1292 1131 ob
1311 1090 1389 1146 apro

204 1160 245 1219 od
264 1163 404 1234 oprestern
417 1155 569 1226 hominem,
585 1161 625 1219 od
638 1161 798 1234 apricolorn
811 1178 979 1234 pervenero,
995 1162 1142 1221 oberrare.
1153 1190 1198 1202 -
1208 1159 1239 1220 Ο.
1249 1161 1387 1221 Fannius

204 1268 233 1324 p.
250 1249 312 1307 201
334 1250 361 1308 si
374 1249 495 1308 Latinis
508 1244 652 1309 civitatem
667 1249 811 1317 dederitis,
831 1251 922 1318 credo,
942 1251 1121 1317 continetis,
1140 1267 1191 1309 cos
1204 1252 1246 1309 ita
1260 1254 1293 1309 nt
1304 1268 1388 1310 nnnc
1496 1279 1497 1298 1

204 1339 377 1405 constitisse,
400 1340 433 1398 in
456 1341 585 1398 contione
606 1339 755 1398 habitores
778 1340 879 1400 locorn.
901 1369 939 1380 —
960 1337 1147 1399 Infinitivum
1171 1341 1329 1399 constitisse
1350 1340 1387 1398 in

147 1495 150 1498 ,
203 1428 385 1487 structuram
400 1427 563 1488 accusativi
573 1445 640 1486 cum
650 1426 798 1487 infinitivo
810 1431 914 1504 utpote
924 1428 1126 1504 quainclusus
1137 1428 1186 1505 sit,
1196 1431 1386 1504 pertractum

208 1535 273 1575 esse
293 1516 487 1578 statuendum
505 1519 560 1577 est.
589 1517 625 1576 cf.
644 1515 764 1576 Norden
784 1517 804 1576 l.
819 1536 842 1578 c.
860 1517 876 1576 I
894 1538 923 1593 p.
940 1518 1001 1576 172
1022 1516 1089 1578 edn.
1104 1516 1127 1575 l.
1315 1591 1318 1595 .

291 1604 356 1664 Iam
379 1604 557 1683 progrediar
580 1605 618 1665 ad
642 1604 826 1681 singularem
849 1606 935 1665 illum
960 1606 1106 1667 sermonis
1130 1624 1218 1665 usum
1237 1606 1383 1667 infinitivi

164 1751 167 1758 .
202 1694 327 1770 perfecti
351 1695 415 1755 loco
439 1694 579 1755 infinitivi
602 1696 768 1771 praesentis
794 1695 970 1773 adhibendi,
989 1715 1078 1772 quem
1097 1696 1225 1755 maxime
1243 1696 1275 1754 in
1294 1715 1384 1771 prae·
1487 1735 1492 1744 ·

204 1784 299 1860 ceptis
322 1784 548 1860 interdictisque
572 1787 604 1843 et
626 1785 705 1844 votis
729 1785 926 1845 inveniamus.
972 1783 1158 1862 Quicumque
1181 1785 1260 1844 enim
1285 1785 1383 1858 iubet,

203 1876 295 1948 vetet,
316 1874 414 1949 optet,
434 1873 498 1932 cius
518 1872 651 1933 animum
670 1875 834 1933 voluntatis
854 1874 1001 1934 motiones
1019 1877 1106 1934 tante
1123 1875 1154 1934 vi
1173 1873 1321 1948 afficiunt,
1347 1877 1384 1934 ut

202 1961 261 2020 iam
284 1961 315 2019 id
338 1962 504 2037 perfectum
529 1980 594 2022 esse
617 1963 704 2036 velit,
728 1963 806 2040 quod
830 1981 889 2022 non
911 1964 970 2022 nisi
994 1962 1162 2023 consecutio
1188 1963 1284 2022 futuri
1306 1967 1383 2022 tem·

149 2081 151 2084 ·
205 2051 287 2127 poris
307 2068 372 2110 esse
390 2052 495 2127 possit.
532 2051 647 2111 Iterum
665 2051 715 2111 hic
733 2053 828 2110 maior
847 2052 994 2129 quaedam
1009 2051 1100 2111 animi
1114 2052 1273 2111 concitatio
1288 2070 1384 2112 causa

205 2139 292 2199 nobis
311 2137 474 2199 statuenda
488 2142 543 2200 est.
570 2131 622 2221 (cf.
638 2141 752 2199 Ziemer
767 2140 786 2201 l.
802 2160 826 2200 c.
840 2161 869 2217 p.
885 2143 926 2201 76
938 2133 1006 2222 sq.).
1044 2141 1096 2209 et,
1111 2142 1132 2200 4
1150 2143 1263 2215 neipois
1282 2160 1383 2201 eornm

204 2229 345 2289 Boconot
362 2229 482 2289 totone
499 2230 577 2288 celet.
606 2231 642 2302 cf.
663 2230 891 2306 o,10,12,13
912 2221 1072 2312 (saepius),
1094 2232 1135 2290 14
1155 2234 1210 2290 cet.
1248 2229 1323 2290 Cato
1343 2232 1382 2291 do

204 2336 231 2380 a.
246 2336 269 2377 c.
290 2318 318 2392 5,
334 2319 354 2377 4
372 2319 479 2393 nequid
496 2320 582 2378 corise
600 2320 677 2379 celet.
691 2350 735 2360 -
749 2320 789 2379 ib.
803 2321 910 2393 nepoid
927 2321 1075 2380 dominoco
1093 2320 1229 2380 celocisse
1247 2318 1321 2381 reid.
1339 2352 1379 2362 -

206 2406 341 2484 Saepius.
366 2406 398 2468 C.
408 2406 600 2486 Sempronius
620 2407 772 2470 Gracchus
790 2431 818 2487 p.
832 2411 893 2471 236
914 2410 1071 2477 edicerent,
1090 2428 1126 2468 ne
1144 2413 1209 2484 pois
1222 2413 1254 2470 in
1268 2411 1382 2471 balneis

203 2498 309 2557 iecisse
331 2499 419 2558 cetto.
445 2529 487 2540 ·-
511 2499 608 2558 Verre
632 2500 734 2574 entio-
747 2519 804 2559 rer.
824 2500 905 2558 hum.
924 2498 979 2557 XX
1002 2499 1081 2574 apud
1106 2498 1251 2559 Nonium:
1277 2504 1383 2574 neqms

204 2588 334 2647 lectorem
356 2604 507 2660 sporcorn,
529 2589 672 2647 hominem
690 2589 812 2648 tiberonr
829 2588 1008 2661 prehendere
1024 2590 1144 2648 inssisse
1162 2590 1236 2651 uelit.
1264 2589 1301 2649 cf.
1320 2589 1340 2649 l.
1359 2591 1379 2650 l.

203 2675 259 2753 IX,
277 2678 336 2734 111
364 2678 471 2749 artifen
492 2677 741 2750 reprehendendos
759 2678 810 2750 qni
828 2678 907 2737 debet
928 2679 961 2737 in
979 2678 1127 2737 enitendo
1145 2680 1252 2738 cidisse
1269 2697 1379 2739 rernm.

202 2764 263 2838 tab.
282 2765 328 2840 lg.
343 2763 401 2822 v11
416 2763 441 2822 Β
458 2766 476 2823 2
495 2767 555 2839 pifi
573 2758 719 2846 (hostiae)
738 2783 823 2840 repcr
840 2768 970 2840 freneco
981 2771 1101 2840 pareest
1119 2784 1196 2826 eom
1215 2769 1314 2828 ehioto.
1335 2799 1379 2810 -

203 2873 293 2931 quam
311 2854 459 2913 rationem
478 2847 643 2914 Buecheler
661 2854 680 2915 l.
695 2873 718 2915 c.
737 2875 767 2932 p.
784 2857 847 2915 118
867 2856 914 2915 his
932 2855 1032 2915 verbis
1052 2857 1186 2933 exponit:
1208 2860 1298 2917 moris
1316 2864 1381 2918 eret

203 2945 342 3004 edicentes
360 2943 482 3018 lepemoc
495 2947 655 3004 sordentes
667 2963 726 3005 non
739 2947 880 3005 instantia
894 2946 944 3006 sed
957 2947 1037 3018 foeta
1051 2950 1084 3005 nt
1096 2947 1148 3006 lice
1161 2948 1245 3007 oredo
1259 2965 1379 3008 conso-

201 3038 310 3093 rentor.
317 3024 343 3114 1)
388 3032 548 3093 Poetarum
572 3034 735 3095 latinorum
758 3036 897 3111 exempla
919 3034 1041 3111 collegit
1059 3035 1165 3096 Holtze
1184 3036 1204 3096 l.
1223 3036 1378 3113 o.11‚80.

202 3122 316 3181 Eodem
341 3125 458 3198 spectat
482 3122 687 3182 coniunctivae
714 3124 855 3199 perfecti,
883 3143 941 3200 quo
967 3125 1015 3184 ler
1033 3123 1122 3184 Bent.
1141 3144 1199 3185 osc.
1225 3127 1263 3185 ad
1282 3126 1378 3185 inter-

203 3210 315 3270 dictum
341 3211 568 3287 significandum
593 3213 689 3271 utitur
713 3233 740 3273 r.
765 3214 807 3272 10
832 3215 943 3273 rneddis
959 3257 1077 3272 ......
1094 3231 1149 3287 nep
1174 3215 1287 3287 fefncid
1307 3217 1377 3287 ped.

202 3300 242 3362 ib.
257 3301 337 3377 8,17
357 3302 389 3359 ni
406 3300 494 3374 tiprid
513 3330 550 3342 —
563 3301 659 3360 Varro
677 3305 733 3361 sat.
749 3302 792 3360 34
811 3307 837 3361 et
848 3320 894 3361 rne
907 3303 1042 3378 Iuppiter
1057 3301 1217 3376 Olympios,
1236 3304 1378 3362 Minerva

209 3433 329 3448 ......
343 3390 540 3449 vindicossint.
575 3391 638 3451 245
655 3408 723 3451 eooe
736 3394 866 3466 coporis
879 3393 1028 3452 dominon.
1040 3422 1081 3432 -
1097 3410 1186 3450 carm.
1201 3408 1280 3449 evoe.
1295 3393 1378 3465 apud

202 3479 388 3538 llecrobium
398 3477 480 3557 111,e
496 3484 529 3538 ot
541 3497 587 3538 nec
599 3497 748 3554 meamque
761 3482 848 3554 (idern
856 3525 952 3540 .....
960 3484 1029 3542 lrene
1041 3482 1139 3541 sulcos
1151 3480 1244 3539 siritio
1258 3497 1324 3538 esse.
1333 3510 1377 3539 -.—

203 3566 261 3639 Qui
280 3587 352 3627 usus
372 3567 488 3628 dicendi
506 3568 538 3627 in
557 3570 735 3645 optimorum
755 3570 908 3630 latinitate
926 3573 1072 3647 quantum
1091 3587 1146 3644 ego
1165 3567 1286 3644 quidam
1304 3568 1377 3648 scio,

202 3658 233 3716 in
252 3657 413 3717 secundem
432 3676 589 3733 personum
608 3658 802 3720 concluditur.

291 3747 368 3805 Tum
391 3765 428 3806 ex
450 3746 549 3807 verbis
572 3747 739 3809 voluntatis
761 3748 943 3808 infinitivum
965 3745 1090 3823 perfecti
1113 3746 1227 3823 passivi
1245 3748 1375 3825 pendere

201 3833 384 3913 invenimus,
417 3836 528 3913 quippe
556 3836 608 3913 qui
635 3838 696 3898 vim
724 3857 758 3898 cc
786 3837 967 3914 gravitatem
995 3837 1113 3897 consilii
1140 3838 1250 3917 agitati
1277 3839 1375 3915 magis

243 4091 249 4103 ι
291 4024 318 4089 1)
337 4021 430 4078 Plauti
452 4024 522 4079 haec
541 4041 685 4096 comparor
713 4026 789 4081 Trin.
809 4031 862 4082 384
880 4026 912 4083 di
929 4032 954 4082 te
971 4029 1121 4084 servassint
1142 4028 1219 4084 ordii.
1257 4025 1292 4082 cf.
1312 4030 1373 4082 627.

201 4095 279 4149 Asin.
294 4098 354 4149 654.
382 4092 481 4151 Pseud.
501 4102 543 4152 14.
562 4100 604 4152 37.
641 4096 699 4153 Has
718 4102 814 4163 autem
833 4099 937 4154 formas
956 4100 1083 4169 quamvis
1103 4101 1277 4156 obscuriores
1297 4099 1374 4154 certe

201 4183 235 4221 ex
251 4165 377 4235 perfecto
395 4165 476 4221 fictas
494 4183 561 4235 esse,
581 4169 718 4237 quantum
732 4186 786 4239 ego
800 4170 868 4238 vidi,
885 4171 959 4225 inter
973 4186 1069 4226 omnes
1083 4171 1204 4227 constat.
1234 4167 1310 4223 Trin.
1322 4174 1375 4224 625

200 4238 253 4292 troc
278 4237 451 4306 alipnrmtwn
469 4239 627 4295 adsensere.
663 4240 877 4295 cf.‘110.1007.
914 4240 992 4296 Asin.
1011 4248 1064 4298 685
1085 4245 1189 4310 factoro
1206 4241 1275 4295 colo.
1311 4240 1372 4294 Iam

200 4307 278 4360 modi
296 4306 527 4363 assimilationem
541 4308 615 4364 addo
629 4308 729 4365 Pseud.
739 4315 792 4364 662
810 4313 955 4380 suspiciost
972 4314 1041 4367 niti
1056 4330 1131 4367 nnnc
1145 4328 1191 4367 ros
1204 4313 1373 4379 srnpiccrier

200 4394 241 4431 mc
258 4378 361 4433 ideirco
379 4379 444 4432 naec
462 4383 541 4433 tanto
558 4381 688 4445 facinora
705 4381 934 4449 repromittere,
952 4400 1005 4453 poe
1023 4399 1070 4439 eos
1087 4385 1220 4451 ottonom,
1239 4384 1312 4439 tenc
1330 4385 1373 4451 ta·

201 4447 294 4505 bolom
313 4449 380 4504 doni
398 4449 561 4518 tronsiporn,
577 4467 662 4520 nepos
679 4453 731 4506 sim
748 4454 884 4519 facturos.
