3034 4825
392 221 434 278 De
453 238 580 278 sermone
599 221 724 295 pedestri
740 220 877 290 Italorum
894 217 1092 278 vetustissimo.
1265 219 1332 286 505

13 423 15 476 r
132 469 135 474 γ
163 394 351 456 lunationem
372 394 459 472 quasi
484 393 684 470 patrefactum
711 407 777 453 esse
799 391 859 451 iam
888 391 974 452 docet
997 390 1129 450 eiusdem
1148 391 1167 452 l.
1186 389 1207 451 1.
1224 390 1331 469 v11‚2

161 484 284 547 multum
301 486 365 544 ticet
387 485 548 559 teperet-
567 485 657 558 atque
679 481 756 541 hano
779 481 925 541 rationem
948 480 1028 558 apud
1046 480 1226 555 posteriores
1245 499 1333 556 prae·

162 574 264 634 velere
279 574 407 633 constat
435 571 509 633 Cato
522 573 560 631 de
574 590 600 632 a.
611 589 635 631 o.
651 573 692 633 87
709 589 773 631 euru
781 574 918 645 patinam
932 573 964 630 in
977 571 1035 630 sole
1042 572 1145 644 ponito
1159 574 1280 630 arescat.
1290 601 1332 611 --

161 662 276 722 Eodem
294 663 424 722 referam
443 660 560 721 Claudii
579 660 773 736 Quadrigarii
790 660 826 720 fr.
844 663 886 721 10
908 662 1075 734 siqnifieare
1097 661 1187 733 coepit
1205 662 1334 733 utresque

164 754 348 825 animarent.
380 749 477 827 Scipio
492 749 653 813 Africanus
667 750 764 810 maior
779 770 807 825 p.
825 754 842 810 7
862 751 912 809 sed
925 767 1022 809 censeo
1035 750 1233 822 relinquamus
1246 751 1333 810 netu·

164 842 257 900 ionern
283 841 363 908 nine,
392 857 499 901 eunus
549 839 647 899 Varro
670 839 690 900 l.
712 839 733 901 l.
756 838 801 897 VI
820 841 860 899 91
888 843 992 912 putres
1023 843 1156 897 censeant
1186 855 1333 911 ecquam.
1391 878 1393 880 >

88 922 89 925 '
162 950 186 990 r.
204 949 229 990 r.
247 929 338 1005 1117,
359 932 397 990 11
426 946 506 989 eruas
532 920 670 1007 censeo.¹)
716 928 778 987 tab.
796 927 841 1004 Ig.
860 927 990 989 IIA18
1017 919 1100 1002 tas'ia
1127 919 1189 987 utu
1217 958 1256 968 -
1287 928 1334 986 oui

163 1018 329 1079 Buecheler
346 1019 366 1079 l.
386 1038 409 1080 c.
433 1040 462 1096 p.
479 1019 540 1079 131
570 1019 723 1098 comparat
750 1016 853 1077 Plauti
880 1016 970 1078 Poen.
988 1017 1064 1094 prol.
1087 1036 1114 1078 v.
1134 1017 1175 1079 21
1205 1018 1258 1076 diu
1284 1018 1335 1090 qui

160 1110 239 1170 darni
264 1110 348 1169 otiosi
372 1110 564 1177 dormierunt,
590 1108 666 1168 decet
690 1109 788 1170 aniano
815 1124 905 1181 aequo
930 1124 1008 1167 nunc
1032 1110 1114 1175 dent,
1139 1107 1184 1165 cel
1208 1108 1335 1167 donnire

162 1202 327 1272 tenuerent.

253 1286 390 1363 Denique
405 1285 479 1346 Cato
498 1286 535 1345 de
554 1304 580 1345 a.
595 1304 619 1345 c.
631 1288 671 1346 73
692 1288 775 1347 bores
793 1304 901 1360 aaran
919 1287 1023 1346 bonam
1041 1291 1067 1345 et
1082 1286 1335 1359 inuncabuntur

161 1394 273 1451 semper
292 1381 401 1438 curata
428 1376 468 1435 ib.
480 1377 543 1436 142
559 1380 658 1436 arrato
672 1377 773 1450 faciat.
810 1374 930 1435 Coelius
945 1375 1106 1451 Antipater
1119 1375 1154 1434 fr.
1167 1376 1207 1435 25
1228 1376 1335 1434 amabo

162 1467 214 1525 talei
240 1483 311 1526 cena
338 1468 386 1526 su.
416 1496 454 1507 -
484 1465 562 1525 Item
590 1465 622 1524 in
649 1465 862 1525 commentario
889 1464 1098 1541 anquisitionis
1125 1483 1214 1540 quem
1241 1463 1335 1523 tradit

162 1554 260 1614 Varro
278 1556 298 1615 l.
313 1555 333 1614 l.
349 1554 401 1632 VI,
417 1557 458 1616 92
481 1557 526 1615 uti
549 1559 648 1614 curent
647 1598 788 1623 .......
809 1557 841 1614 in
865 1572 931 1614 aree
954 1555 1092 1614 classicus
1110 1558 1205 1613 canat.
1227 1584 1264 1596 -
1285 1546 1335 1611 Ita

163 1643 212 1703 hie
230 1643 321 1704 novis*
334 1643 479 1721 exemplis
499 1643 691 1704 confirmatus
709 1643 844 1703 Lucretii
861 1643 947 1702 illum
965 1661 1087 1703 versum
1101 1641 1152 1717 VI,
1168 1644 1230 1703 231
1252 1646 1337 1702 curat

162 1735 231 1808 itane
256 1736 337 1793 uasis
363 1735 484 1806 intepris
510 1735 581 1792 cina
603 1738 717 1807 repente
745 1733 751 1807 Ι
780 1734 936 1807 diffupiant
952 1750 1137 1809 -prorsus
1158 1748 1336 1808 persuasum

162 1821 260 1882 habeo
283 1824 365 1882 recte
387 1821 533 1881 traditum
557 1840 637 1901 esse,
660 1842 727 1883 cum
749 1822 973 1901 Lachmannns,
996 1822 1200 1882 commentarii
1221 1841 1250 1897 p.
1270 1822 1334 1881 362

162 1911 267 1987 paucis
289 1911 382 1987 prisci
404 1911 549 1971 sermonis
574 1912 718 1988 exemplis
736 1930 844 1988 parum
862 1912 989 1971 confisus
1008 1914 1075 1971 item
1093 1911 1125 1969 in
1141 1913 1201 1971 atei
1217 1913 1335 1969 mutan-
1387 1961 1394 1969 .

104 2022 108 2026 ²
163 2001 236 2060 dum
259 2019 325 2060 esse
348 2000 506 2061 censuerit
543 1999 684 2061 Ceterum
702 2002 739 2060 de
757 2021 816 2061 usu
834 2001 942 2061 talium
960 2001 1118 2061 verborum
1137 2000 1216 2076 apud
1235 2003 1335 2075 poste·

115 2160 118 2167 Ι
161 2089 257 2150 riores
275 2089 411 2166 disputat
429 2088 638 2150 Lachmannus
656 2092 676 2151 l.
691 2109 724 2165 a,
743 2088 775 2150 O.
789 2091 822 2151 F.
838 2089 886 2149 W.
900 2090 1017 2163 Mdller,
1037 2090 1261 2150 observationes
1280 2088 1334 2148 cri-

162 2178 239 2238 ticae
257 2179 290 2236 in
307 2179 458 2254 prosaicos
476 2179 596 2256 latinos,
613 2179 826 2257 Lsndsbergae
843 2181 927 2241 1865
947 2200 975 2255 p.
992 2182 1041 2241 12.

252 2266 318 2326 Iam
344 2268 383 2326 ad
412 2266 470 2327 dno
493 2268 586 2329 verba
607 2268 639 2327 in
662 2269 766 2329 eodem
790 2270 894 2330 ordine
918 2261 982 2350 (val
1004 2271 1139 2346 tempore
1161 2269 1210 2329 vel
1233 2259 1335 2348 modo)

163 2357 262 2434 posita
288 2356 476 2435 progrediar,
507 2376 633 2434 quorum
661 2359 790 2418 alterum
813 2358 1005 2418 subiunctum
1029 2358 1123 2418 alium
1137 2360 1264 2433 'tempus
1287 2357 1336 2416 vel

162 2447 284 2507 modum
305 2447 461 2524 postulet:
498 2444 572 2507 Oeta
603 2448 639 2508 de
670 2467 696 2508 a
717 2450 834 2522 c2,1
863 2449 981 2508 cilicum
1007 2453 1097 2515 nocet,
1124 2451 1202 2521 ruer
1223 2466 1336 2522 —pro

163 2554 232 2596 curn.
254 2542 440 2597 uocasset-
461 2537 509 2596 vel
536 2541 678 2598 coenum.
724 2540 793 2615 5‚7
823 2539 956 2612 frondem
982 2539 1119 2613 iliqneeun
1146 2537 1242 2611 lepito,
1273 2553 1337 2595 earn

162 2627 334 2686 substernito
355 2657 400 2668 —-
422 2645 476 2702 pro
504 2628 608 2688 lectam
636 2629 815 2688 substernito.
861 2628 952 2704 44,3
985 2627 1121 2687 manibus
1150 2628 1274 2701 carpito,
1306 2627 1338 2684 id

164 2720 330 2776 renascetur
348 2747 391 2757 -
409 2734 465 2791 pro
484 2721 617 2791 carptum
635 2722 809 2777 renascetur.
846 2712 882 2776 oi.
899 2718 971 2795 157,
988 2718 1038 2777 10.

252 2803 349 2864 Varro
362 2805 383 2864 l.
397 2804 417 2864 l.
432 2804 468 2882 V,
485 2807 524 2865 61
545 2810 655 2866 natura
669 2808 709 2866 nd
721 2808 868 2866 nascendo
882 2824 947 2865 cunr
960 2808 1052 2865 inbre
1064 2810 1091 2865 et
1103 2808 1213 2879 fripore
1226 2807 1337 2865 luctare

163 2911 222 2952 non
243 2895 301 2953 uolt
323 2898 350 2952 et
365 2896 466 2967 potius
489 2911 540 2953 cer
563 2900 712 2968 exspectat.
749 2895 811 2954 tab.
829 2894 875 2970 Ig.
890 2893 971 2952 VIA
986 2897 1027 2954 17
1051 2911 1100 2954 soe
1117 2895 1220 2953 unctor
1231 2912 1338 2968 proca

164 2985 283 3049 nerent,
307 2999 353 3041 eso
371 2986 484 3041 trennu
502 2998 579 3041 serse
597 2985 771 3055 wnbiriutn,
790 2984 952 3057 ursferturo
969 3000 1073 3043 namne
1091 2984 1201 3042 carsitu
1217 3013 1262 3025 -
1280 3001 1335 3059 pro

164 3072 342 3144 arsfertnrer
367 3087 471 3130 nonne
498 3088 579 3131 curse
601 3067 694 3148 (dicct
726 3074 857 3144 [luminis
878 3089 982 3131 nemen
1004 3063 1178 3152 appatens).
1222 3072 1335 3132 1128

164 3150 272 3219 sudurn
296 3163 443 3234 pesuntru
473 3162 548 3234 fau,
580 3159 669 3221 esrnilr
689 3153 824 3221 entiam
846 3179 936 3235 prece
956 3161 1042 3233 filetu,
1071 3162 1154 3236 Tetri
1175 3161 1245 3221 Iuni
1267 3164 1335 3236 fetu.

165 3247 202 3310 cf.
222 3249 273 3325 25,
288 3251 339 3309 32.
362 3248 412 3308 IB
429 3252 458 3324 9,
471 3251 523 3310 40.
542 3248 655 3329 ν1021
676 3255 722 3310 eta
739 3252 823 3311 celtu
846 3249 925 3310 VIB
941 3252 992 3330 51,
1007 3252 1058 3312 56.
1080 3245 1083 3249 ’

162 3379 376 3395 -ι-ι--ι--ι

252 3459 280 3524 1)
299 3454 334 3511 cf.
357 3455 452 3510 Plauti
473 3454 549 3510 Trin.
568 3462 619 3511 ost
648 3458 757 3512 tandem
784 3457 929 3527 impetrari
956 3458 1044 3512 abiret
1062 3487 1095 3497 -
1123 3459 1152 3511 et
1179 3472 1250 3526 quae
1279 3456 1336 3512 alia

163 3525 292 3597 exempla
312 3526 393 3582 affert
410 3525 485 3581 Brix.
522 3527 646 3583 Plautini
665 3529 801 3584 sermonis
820 3528 906 3583 etiem
923 3526 1092 3583 indicativus
1110 3528 1335 3583 enuntiationum

164 3598 391 3653 secundariarum
414 3598 455 3653 aio
476 3597 684 3669 intellegendus
702 3601 757 3668 est,
784 3600 862 3654 cuins
881 3598 944 3654 loco
962 3599 1133 3669 posteriores
1152 3601 1279 3654 auctores
1298 3600 1335 3655 ad

164 3669 317 3724 sententias
341 3669 548 3740 subiungendas
572 3669 750 3725 coniunctivo
772 3671 867 3740 potius
890 3672 1019 3738 ninnium
1043 3672 1128 3726 encta
1151 3671 1242 3726 veluti
1259 3669 1334 3726 Trin.

164 3740 218 3794 847
239 3739 320 3794 viden
342 3746 443 3812 epodas
465 3742 533 3812 quid
557 3743 648 3811 nepoti
670 3744 719 3797 dat
740 3742 846 3797 nomini
868 3743 964 3798 misero
987 3741 1075 3796 mali?
1112 3746 1165 3797 360
1185 3744 1245 3797 scin
1268 3744 1335 3812 quid

163 3812 275 3865 canturi
299 3811 382 3865 solet?
418 3817 470 3867 580
492 3815 538 3868 die
560 3815 609 3868 luae
631 3814 722 3883 nepoti
739 3829 792 3883 quo
810 3814 889 3868 modo
907 3819 1035 3880 actumst3
1053 3813 1095 3879 ,cl
1115 3830 1187 3881 quae
1206 3814 1334 3868 adhunc

163 3899 273 3938 versum
301 3880 367 3936 Brix
395 3884 500 3952 optime
527 3884 670 3954 explanat.
706 3885 765 3939 tab.
789 3884 829 3955 lg.
848 3884 874 3938 V
888 3886 913 3936 A
933 3888 948 3938 7
971 3890 1076 3940 reaestu
1094 3885 1170 3953 pude
1192 3883 1263 3940 rente
1285 3902 1335 3941 eru

162 3958 289 4008 emantur
310 3954 392 4008 terte.
428 3955 462 4009 cl.
481 3954 635 4011 Buecheler
652 3956 671 4010 l.
686 3972 708 4011 c.
728 3973 754 4023 p.
770 3962 813 4011 31.
850 3954 976 4024 Denique
999 3955 1098 4010 eadem
1120 3956 1229 4012 ratione
1247 3956 1334 4012 inter·

162 4026 290 4096 pretatur
312 4041 385 4093 quae
408 4025 557 4081 traduntur
579 4029 609 4081 in
627 4026 761 4082 Varronis
779 4027 797 4081 l.
817 4028 835 4083 l.
852 4027 885 4096 V,
901 4032 952 4082 140
971 4028 1129 4098 plaustrum
1150 4028 1185 4084 ab
1208 4045 1237 4083 eo
1260 4030 1333 4098 quod

162 4114 219 4152 non
236 4101 268 4150 ut
285 4098 317 4151 in
334 4097 378 4150 luis
395 4113 464 4166 quae
481 4113 567 4167 supra
585 4098 660 4166 dini,
683 4100 729 4154 sed
746 4115 781 4154 en
799 4100 873 4154 omni
888 4104 969 4168 purte
984 4099 1080 4167 pann
1097 4105 1148 4169 est,
1166 4117 1235 4169 quae
1253 4103 1285 4154 in
1302 4117 1333 4156 eo

161 4168 297 4223 celamur
320 4168 467 4223 -refuto
491 4184 562 4238 quae
585 4170 619 4225 A.
634 4170 755 4241 Spengel
783 4171 912 4226 adnotat:
944 4171 1116 4227 enitendum
1142 4173 1199 4228 oid.
1218 4176 1268 4226 aut
1291 4188 1333 4229 oe·

163 4239 267 4295 tantur
284 4246 335 4295 aut
347 4240 445 4310 palam
462 4245 536 4296 eunt.
