3034 4825
168 207 235 275 502
564 267 569 272 ‚
645 205 684 271 0..
692 204 864 275 altenburg:

169 398 263 445 serere
284 380 317 439 in
340 375 635 447 circumlocutionem
658 376 807 437 sementim
829 377 927 450 fucere
944 374 1064 437 transit.
1101 378 1138 437 ci.
1158 377 1273 445 Ziemer
1286 380 1306 439 l.
1322 400 1345 441 e.

169 471 301 548 p.11't.·
328 470 412 542 28,2
442 468 553 540 aperito
580 471 661 526 terra
687 466 838 526 radicibus
864 467 920 538 rint
940 496 980 507 ·-
999 485 1055 543 pru
1077 468 1219 529 radicum.
1257 470 1343 546 49,1

170 563 263 622 tecum
288 575 375 632 qnam
399 557 538 631 optimum
564 560 590 615 et
614 557 831 630 apertissimum
856 559 882 614 et
908 557 1164 616 stercccsrsstmnm
1184 561 1295 632 poteris
1321 564 1347 619 et

75 655 77 659 '
170 668 257 724 qnam
282 647 463 707 simillimam
485 663 578 718 penus
603 649 697 705 terrac
723 662 773 705 ece
796 646 848 705 nbi
858 687 995 711 .......
1025 662 1090 705 earn
1117 647 1225 712 locum
1238 650 1347 723 9999999

170 741 279 799 vertitu.
293 768 337 779 --
351 734 409 795 Hie
427 735 511 794 iuxta
529 733 733 795 accusativum
751 735 845 793 tecum
862 734 953 810 paule
971 735 1041 810 pest
1058 736 1240 800 simillimum
1255 755 1348 811 uenae

171 828 330 900 habemus,
358 824 444 901 quasi
471 824 629 899 genetivus
658 825 712 883 tect
739 823 899 898 anteisset,
931 842 1000 890 eum
1027 823 1209 905 optimorum
1237 827 1346 903 aliquis

172 920 342 988 auctorum,
365 914 392 973 si
414 914 532 974 ommno
555 915 602 973 tot
624 913 718 972 verba
740 912 938 987 cumulasset,
961 915 1042 972 certe
1066 913 1192 978 dixisset
1215 920 1241 974 et
1257 919 1349 976 ,cuins

169 997 268 1082 penus
284 1022 384 1078 ,unum
416 1004 597 1070 simillimum
629 1007 677 1062 est.
727 1000 771 1060 At
803 1000 970 1062 sententiae
1003 1005 1160 1079 tantopere
1198 1022 1230 1063 se
1261 1023 1347 1082 praef

171 1095 307 1172 cipitant,
325 1096 361 1151 ut
380 1091 453 1151 Cato
480 1110 515 1152 ex
538 1110 621 1160 more
641 1109 695 1150 suo
714 1108 775 1149 non
792 1090 892 1150 minus
916 1109 1005 1166 quam
1030 1110 1066 1150 ex
1089 1093 1219 1159 omnium
1239 1093 1350 1171 priseo.

171 1205 239 1245 rum
265 1202 324 1242 usu
347 1179 570 1251 emuidicendi
595 1183 660 1241 arte
688 1180 827 1256 neglecte
849 1179 993 1239 libertate
1016 1182 1122 1241 utatur
1145 1183 1282 1246 maxima.
1310 1214 1347 1226 -

68 1299 71 1302 ι
174 1277 215 1336 93
246 1290 399 1340 amurcam
427 1287 493 1339 cnm
521 1288 600 1344 aqna
623 1271 799 1330 commisceto
823 1287 932 1342 manus
949 1274 1052 1344 partes
1072 1301 1110 1313 -
1131 1290 1186 1348 pre
1213 1291 1352 1336 amurcae

174 1359 976 1438 ctuqnue.108,1p0tentum9rundemdtmidium
994 1362 1137 1421 ccetcbnti
1149 1404 1245 1422 .....
1259 1364 1352 1423 indito

174 1483 219 1495 --
238 1470 293 1528 pro
318 1452 453 1525 polentae
477 1450 680 1530 praedis&
665 1447 800 1510 cf..109
830 1450 1124 1525 127,1.127,2
1158 1452 1293 1511 conterite
1326 1456 1353 1511 et

173 1544 230 1602 mel
248 1545 357 1601 coctum
375 1540 545 1607 drachmum
562 1555 655 1598 unum
673 1541 699 1596 et
721 1540 783 1597 cini
800 1539 960 1598 sectarium
982 1540 1177 1612 cripuniti-
1141 1539 1248 1598 -hic
1266 1540 1352 1603 iuxta

175 1630 382 1691 accusativum
409 1629 465 1688 mel
491 1627 650 1704 genetivus
676 1628 739 1686 cini
766 1628 857 1686 extat.
903 1625 1026 1694 Cassius
1049 1626 1179 1687 Hemina
1202 1628 1239 1688 fr
1254 1631 1332 1690 23'
1320 1648 1353 1690 m

175 1738 248 1780 arec
274 1723 306 1780 in
330 1716 472 1791 Capitolio
494 1735 607 1793 -pro
632 1715 778 1790 Capitolii.
813 1715 850 1776 cf.
868 1714 969 1784 Varro
994 1718 1057 1775 ant
1085 1735 1187 1776 rerum
1209 1719 1353 1782 humanu·

174 1829 243 1870 rum
261 1808 324 1888 vlt,
338 1806 420 1882 apud
438 1806 562 1865 Festum
582 1796 721 1866 289134
746 1806 779 1864 in
798 1804 941 1879 Capitolio
963 1807 996 1865 in
1014 1824 1079 1865 cru.
1123 1826 1149 1871 r.
1166 1827 1189 1867 r.
1208 1807 1302 1887 12,4
1322 1811 1354 1867 in

177 1917 282 1965 oceano
296 1891 334 1959 iri
347 1914 382 1957 ea
394 1899 490 1971 purte.
528 1892 708 1971 Calpurnius
722 1893 793 1954 Piso
807 1895 843 1952 ir.
855 1897 902 1962 27
911 1895 942 1959 bi
956 1900 1162 1961 contemnentes
1176 1914 1241 1960 mm
1254 1916 1354 1957 ussur-

174 2006 241 2062 uere
269 1990 295 2050 ei
320 2000 403 2054 neme
429 1986 579 2044 uetuit-
599 2002 653 2060 pro
675 1983 781 2043 borum
804 1986 1048 2045 contemnentium.
1094 1984 1156 2045 tab.
1173 1984 1219 2062 Ig.
1233 1984 1277 2044 VI
1291 1986 1352 2046 ΑΒ

175 2079 286 2151 cartule
302 2077 377 2150 pute
400 2075 546 2147 ursfertnr
568 2074 667 2133 trebeit
689 2090 771 2132 cerer
788 2073 943 2147 peitmner,
967 2091 1029 2133 erse
1052 2074 1185 2197 stubmito
1210 2092 1256 2135 eso
1274 2076 1353 2135 tude·

176 2170 242 2227 ruto
261 2171 309 2226 est
386 2225 390 2229 r

267 2254 350 2326 Quae
374 2253 510 2327 exempla
536 2225 605 2311 cum
632 2250 823 2328 respicimus,
852 2182 1110 2328 adiungendorum
1138 2224 1355 2316 vocabulorum

178 2361 300 2406 causam
318 2342 486 2404 invenimus
505 2358 569 2402 esse
588 2343 678 2403 hanc:
698 2339 847 2401 ducet
793 2344 847 2401 not
847 2341 931 2401 iones
949 2341 981 2400 in
1001 2341 1104 2406 eodem
1116 2343 1223 2406 ordine
1237 2343 1354 2447 positae

178 2440 239 2501 aut,
250 2435 373 2497 eandem
392 2433 454 2494 vim
472 2433 629 2509 praestant
648 2425 698 2513 (ex
716 2431 882 2508 priscorum
901 2423 1024 2512 animis)
1043 2435 1098 2490 aut
1118 2433 1249 2495 secunda
1268 2435 1355 2509 quasi

178 2526 217 2585 ad
235 2526 363 2601 primam
381 2521 551 2587 accuratius
575 2520 793 2597 explanandam
817 2520 952 2595 additur,
969 2522 1129 2595 postquam
1146 2521 1201 2581 illa
1219 2521 1279 2580 iarn
1299 2540 1355 2583 sua

179 2615 296 2677 ratione
314 2611 511 2690 grammatica
532 2609 670 2670 stabilita
693 2612 747 2668 eet.
791 2606 883 2667 Cuius
907 2610 1079 2673 structurae
1102 2609 1297 2691 neglegentia
1321 2629 1357 2670 ea

180 2723 213 2763 re
237 2704 329 2763 etiam
352 2702 442 2760 aucta
465 2701 511 2759 est
533 2697 625 2774 quod,
650 2701 685 2756 ut
702 2697 759 2757 hoc
776 2697 841 2757 leco
859 2699 1009 2774 repetem,
1033 2697 1148 2759 vetusti
1160 2699 1212 2759 illi
1231 2700 1357 2760 Romani

182 2793 289 2869 lingua
307 2809 368 2853 non
381 2787 550 2864 ¹opprimere
569 2786 719 2865 volebant,
736 2786 796 2850 nisi
814 2786 894 2864 quod
912 2786 1089 2847 sentiebant.
1143 2847 1146 2850 ,

270 2878 412 2955 Inprimis
430 2879 508 2941 hano
526 2876 779 2945 coordinationem
804 2877 837 2935 in
855 2877 1057 2953 comparativo
1076 2876 1218 2940 adiectivi
1236 2878 1286 2958 vel
1306 2880 1357 2938 ad·

182 2970 277 3032 verbii
300 2966 482 3045 invenimus,
506 2985 575 3031 cum
598 2966 781 3042 temperatio
807 2966 918 3026 emissa
935 2984 1040 3042 quam
1058 2966 1207 3043 particula
1224 2966 1357 3028 institui·

181 3051 275 3138 tur1).
311 3057 413 3134 Atque
432 3058 492 3117 iam
510 3056 570 3116 XII
593 3057 653 3117 tab.
673 3056 747 3115 talia
768 3056 928 3133 praebent:
951 3054 1045 3133 ΠΙ,2
1069 3058 1175 3116 einata
1197 3062 1250 3116 unt
1271 3075 1359 3117 neruo

184 3154 237 3210 aut
256 3148 439 3222 compedibus
459 3146 523 3206 XV
537 3147 637 3221 pondu
659 3162 696 3204 ne
718 3147 829 3204 maiore
850 3149 903 3205 cut
920 3146 947 3204 si
964 3146 1037 3204 rotet
1054 3148 1166 3207 minore
1182 3149 1296 3207 vincito.
1316 3178 1359 3188 -

185 3238 263 3298 Nam
278 3236 349 3298 siin
363 3237 463 3310 nendo
476 3235 643 3295 ablativum
656 3234 757 3294 vivere
773 3232 937 3311 contendis,
951 3237 1179 3311 praesumptum
1189 3235 1223 3292 X
1226 3235 1255 3293 V
1260 3237 1359 3310 pondo
1444 3249 1448 3253 “

183 3328 282 3404 ipsum
309 3326 394 3385 docet
420 3324 507 3385 illum
530 3342 591 3387 non
617 3322 783 3383 ablativum
809 3323 1039 3398 comparationis
1065 3322 1117 3399 qui
1139 3325 1262 3383 vocetur
1284 3341 1360 3400 esse,

184 3417 237 3477 sed
269 3415 434 3475 ablativum
463 3434 499 3473 ex
525 3412 618 3474 verbo
645 3415 750 3473 cinctio
778 3411 966 3489 pendentem.
1016 3411 1151 3490 Itemque
1178 3412 1359 3488 interpreter

185 3506 222 3582 X,
237 3508 256 3567 2
276 3506 329 3568 buc
341 3505 413 3579 ptus
430 3521 467 3564 ne
484 3504 582 3576 facitu
600 3533 643 3544 -
664 3505 715 3580 97,
730 3504 771 3562 22
796 3503 949 3562 amnem
971 3518 1007 3560 ne
1024 3503 1122 3562 minus
1140 3504 1249 3563 trinum
1265 3519 1360 3562 noan·

186 3585 334 3676 dinum.²)
378 3595 485 3668 97,19
505 3594 632 3652 hemines
650 3593 739 3667 piens
763 3591 950 3652 Voincersei
971 3592 1045 3650 circi
1067 3595 1150 3664 utque
1167 3591 1303 3652 mutimes
1319 3620 1359 3634 -

188 3685 243 3746 dre
275 3684 447 3745 uincorseis·
466 3684 553 3742 vireis
585 3685 669 3755 etque
695 3682 872 3745 mutieribus.
896 3710 938 3721 -
962 3678 1073 3739 Contra
1095 3679 1127 3738 in
1152 3680 1309 3741 eodemrS.
1328 3680 1360 3742 (t.

187 3793 228 3850 pe
247 3772 484 3834 Bacchanalibus
507 3771 568 3829 iam
591 3788 627 3830 ea
649 3771 732 3832 notio
755 3788 833 3847 qnae
856 3769 1009 3830 confertur
1031 3786 1085 3844 per
1107 3769 1274 3830 ablativum
1293 3771 1362 3830 sub·

188 3862 339 3940 iungitur:
366 3882 393 3924 v.
409 3864 428 3922 6
448 3878 483 3922 ne
501 3863 598 3921 minus
615 3861 785 3922 senatorius
798 3858 825 3919 C
840 3860 965 3926 metent,
983 3857 1023 3917 id.
1042 3878 1069 3918 v.
1085 3860 1115 3933 9,
1131 3860 1182 3920 18.
1201 3891 1245 3901 -
1262 3859 1303 3919 ib.
1318 3861 1361 3919 20

193 3969 263 4012 nece
227 3954 362 4071 inter
367 3953 424 4013 ibet
436 3953 510 4012 rirei
521 3951 611 4026 ptum
624 3950 735 4011 duobus
746 3949 917 4009 mutieribus
927 3948 1016 4022 picus
1030 3949 1124 4008 tribus
1137 3951 1250 4023 artnise
1262 3949 1362 4007 celent.

279 4121 305 4190 1)
295 4065 411 4176 lilanc
437 4140 496 4177 rem
524 4121 580 4175 iam
599 4118 732 4175 thlfflin
759 4116 870 4188 docuit,
898 4078 947 4172 lat.
974 4136 1002 4172 u
1024 4133 1131 4173 roman
1156 4114 1362 4188 comparationi,

188 4190 303 4261 Erlang
319 4197 402 4260 1879,
426 4195 459 4246 ut
481 4195 546 4262 post
547 4208 581 4247 ea
534 4188 673 4247 tmihi
691 4162 881 4246 ἱιιᾶίιιιιῆΕ.
896 4190 1033 4245 Norden
1052 4205 1161 4244 summa
1179 4205 1235 4256 qua
1252 4203 1362 4259 semper

190 4278 258 4331 erga
275 4280 320 4317 me
339 4261 394 4316 suit
411 4263 594 4317 humanitate

278 4337 304 4397 2)
278 4333 368 4386 297
387 4332 581 4393 Wordswerth
605 4334 622 4388 l.
642 4350 665 4386 ιι.
688 4351 716 4402 p
731 4339 792 4392 420
808 4334 1006 4401 (noradinum)
1032 4333 1058 4388 is
1079 4333 1141 4422 tere
1158 4332 1324 4403 appaream
1343 4348 1362 4387 a

189 4409 285 4460 neuter
297 4402 456 4459 ucmmutiue
474 4405 601 4493 apreeinu
618 4405 685 4480 witti
702 4406 848 4465 trinum..
1092 4455 1101 4462 .
1231 4458 1233 4461 .
1273 4456 1281 4462 .
