3034 4825
417 238 460 294 De
479 252 606 293 sermone
624 234 749 309 pedestri
767 234 904 296 Italorum
924 230 1122 291 vetustissimo.
1288 228 1354 308 523

668 469 783 555 copus
804 469 866 539 VI.

502 628 559 683 ⁴De
583 624 813 684 collocatione
827 625 1024 683 verborum.

275 765 421 843 Suprema
443 766 492 827 lex
514 769 549 827 ut
571 766 721 826 rationum
744 765 1011 841 grammaticarum
1030 761 1293 840 significandarum
1310 761 1355 821 ita

183 856 389 916 collocationis
408 857 567 917 verborum
586 856 707 920 condita
725 858 773 921 est
786 854 817 913 in
831 853 1023 931 colligatione
1037 852 1263 926 sententiarum,
1282 869 1354 927 quo·

182 964 307 1022 cumque
325 946 414 1007 modo
431 937 659 1022 animus'fingit.
694 943 759 1015 Quo
773 943 872 1005 minus
887 942 1022 1003 homines
1037 941 1234 1020 cogitationes
1249 940 1354 1017 lingua

180 1035 343 1095 inlustrare
369 1053 534 1112 ornansque
560 1033 699 1111 student,
734 1053 770 1094 eo
796 1034 893 1110 magis
922 1032 1056 1093 nativam
1083 1031 1206 1091 illarum
1231 1033 1262 1089 et
1286 1047 1352 1089 con·

182 1124 362 1185 iunctionem
382 1127 413 1184 et
432 1123 668 1186 consecutionem
689 1124 828 1183 reddunt.
864 1122 941 1182 llam
960 1124 1086 1200 partem,
1104 1139 1181 1197 quae
1195 1117 1355 1180 summani

180 1213 280 1273 auimo
302 1213 449 1291 impressa
472 1216 532 1290 est,
554 1231 627 1288 prae
651 1213 760 1274 ceteris
778 1212 883 1289 lingua
901 1211 949 1271 edi
967 1210 1129 1272 verisimile
1148 1213 1202 1270 est.
1230 1207 1354 1269 Ceterae

182 1302 260 1362 sicut
281 1320 417 1379 quaeque
441 1302 573 1378 nmmum
599 1302 773 1379 commovit,
795 1301 899 1377 lingua
921 1300 1132 1377 pronuntiatae
1151 1318 1238 1359 sunm
1257 1299 1355 1358 locum

179 1390 361 1451 retinebunt.
406 1391 487 1463 Quae
520 1409 655 1451 sermone
691 1393 792 1452 vetere
823 1389 951 1450 maxime
983 1388 1152 1449 confirmari
1177 1388 1355 1449 videbimus.

181 1480 256 1540 Inde
271 1480 349 1540 enim
369 1481 543 1557 explicanda
557 1484 628 1541 sunt
641 1482 727 1542 haec:
744 1483 784 1541 19
799 1481 871 1540 Iaoe
884 1479 944 1539 Sat.
960 1481 1056 1540 deiros
1070 1481 1120 1553 aar·
1133 1480 1198 1539 meri
1210 1479 1301 1537 mitat.
1312 1507 1354 1517 -

180 1570 358 1647 Praeposito
381 1573 451 1631 sunt
474 1570 597 1631 deorum
618 1570 752 1646 nomina,
777 1569 857 1647 quod
876 1570 912 1628 de
934 1569 1055 1629 illorum
1074 1566 1225 1628 sacrificiis
1243 1566 1353 1642 agitur.

185 1661 225 1719 33
245 1660 339 1720 Raris
355 1659 482 1721 Gabinio
502 1658 558 1720 Oui
576 1677 676 1721 serras
695 1658 819 1720 Celebris
836 1662 911 1734 fecit.
926 1690 966 1702 -
983 1657 1052 1720 Sine
1072 1657 1163 1718 dubio
1180 1659 1250 1733 post
1262 1656 1355 1715 Rebas

184 1751 339 1825 exspectas
365 1748 421 1810 Oui
443 1767 556 1824 seram,
583 1750 632 1810 vel
661 1750 686 1809 si
708 1748 809 1824 legere
832 1748 928 1809 mavis
951 1766 1016 1808 cam
1039 1749 1145 1824 serais3
1172 1750 1204 1805 at
1228 1744 1354 1806 Gabinio

185 1838 301 1898 auctori
324 1857 392 1898 cum
415 1842 506 1914 caput
528 1841 620 1914 esset,
643 1838 853 1915 praesumpsit.
891 1839 933 1898 94
956 1840 989 1897 ia
1010 1838 1076 1896 boae
1098 1837 1230 1904 macarii
1251 1837 1356 1895 stirmis

185 1930 287 2001 aequis
308 1929 455 2001 sorbaria.
493 1930 578 2004 97,3
603 1929 638 1987 de
654 1928 859 1996 Buramalibas
881 1930 946 2000 quei
967 1928 1119 2002 sciderutei
1141 1930 1226 1993 esem,
1249 1927 1292 1984 ita
1310 1931 1355 1984 ee'·

187 2018 354 2077 barbadam
372 2035 513 2077 censuere.
534 2047 573 2060 -
594 2018 630 2077 cf.
649 2016 690 2077 ib.
706 2020 736 2086 7,
752 2019 803 2077 10.
841 2018 915 2094 293,
930 2017 949 2075 2
968 2018 1000 2075 ia
1018 2033 1111 2075 uanas
1127 2016 1252 2089 siaaobos
1264 2032 1354 2087 pepa-

185 2108 253 2166 aiae
279 2108 355 2179 qaod
381 2109 433 2166 siet
461 2107 596 2180 amplias.
624 2107 660 2165 cl.
679 2106 718 2165 ib'.
738 2108 793 2167 46.
828 2107 976 2180 294,13.
1014 2105 1092 2181 295,
1112 2106 1154 2164 20
1181 2122 1251 2179 aper
1277 2105 1356 2162 bears

181 2196 319 2268 publicas
335 2196 441 2269 papali
458 2199 574 2255 romam
592 2198 665 2269 aaa.
692 2196 729 2255 cf.
742 2196 783 2255 ib.
800 2197 850 2255 75.
883 2195 1019 2270 306,10
1037 2197 1068 2253 im
1087 2211 1158 2253 urea
1176 2195 1357 2253 transetum

183 2286 415 2357 pertransiret
434 2314 471 2326 -
494 2283 545 2346 uti
564 2283 731 2344 subiectum
750 2284 818 2343 aliis
836 2284 1008 2345 notionibus
1025 2282 1189 2342 maioribus
1209 2282 1307 2342 cessit.

278 2371 396 2432 Talium
420 2392 456 2433 ex
479 2373 616 2433 omnibus
634 2372 724 2433 huius
748 2373 858 2433 aetatis
875 2372 992 2449 legibus
1010 2371 1232 2432 multitudinem
1250 2371 1357 2432 afferre

189 2481 318 2538 possum.
348 2462 383 2523 cf.
398 2461 457 2525 XII
476 2463 537 2525 tab.
550 2461 644 2537 111‚1
674 2465 751 2524 aeris
780 2463 902 2537 confessi
928 2464 1065 2522 iudicatis
1085 2461 1182 2520 XXX
1201 2463 1263 2521 dies
1287 2462 1357 2519 iusti

188 2556 281 2612 santo.
312 2551 350 2630 V,
365 2554 383 2611 2
398 2555 442 2612 uti
461 2553 577 2627 lepassit
595 2570 683 2628 saper
694 2553 824 2626 pecunia
838 2552 959 2612 latebam
973 2568 1044 2612 suae
1057 2554 1109 2620 rei,
1123 2553 1165 2610 ita
1179 2553 1226 2610 ius
1240 2554 1304 2610 esto.
1313 2581 1356 2591 -

187 2640 249 2700 tab.
259 2640 348 2701 Bant.
364 2660 422 2703 osc.
438 2644 480 2702 23
489 2661 538 2716 pr.
548 2660 617 2702 soce
624 2644 787 2717 praefaciis
795 2643 858 2716 port
868 2645 935 2716 post
947 2659 1017 2701 erac
1030 2642 1138 2701 baasae
1150 2642 1221 2715 fast,
1234 2641 1358 2713 scarpis.

185 2728 226 2789 ib.
242 2732 284 2790 28
298 2749 348 2804 pr.
367 2736 482 2791 ceaster
499 2733 609 2792 baasae
621 2734 654 2792 ai
665 2734 717 2807 pis
734 2727 810 2805 fuid.
846 2730 908 2791 tab.
922 2730 965 2806 Ig.
980 2730 995 2789 I
1009 2730 1034 2788 B
1051 2732 1067 2790 1
1090 2730 1244 2789 Valeriam
1256 2729 1357 2796 Iucia,

179 2836 261 2892 puae
284 2822 358 2892 uoef
379 2821 489 2893 farfat,
517 2823 579 2893 tref
600 2822 692 2893 oillaf
714 2822 802 2894 laras
819 2821 919 2879 Marte
941 2810 1042 2878 Hubic
1064 2821 1138 2891 feta,
1165 2818 1356 2877 11111322.

185 2908 259 2966 citla
279 2910 369 2982 vafra
386 2925 467 2982 parre
489 2902 677 2982 beriesfatm
715 2908 1067 2984 mararenses.
1104 2906 1253 2966 vilers.
1289 2905 1355 2965 Sae-

185 2994 310 3070 pissime
328 2995 372 3054 ita
386 2994 460 3055 Cato
479 2998 584 3056 struit:
604 2997 640 3057 de
659 3015 685 3057 a.
700 3014 723 3056 o.
740 2999 801 3075 6‚1
823 3014 929 3071 aarum
946 2997 1049 3070 mribus
1067 2997 1137 3057 loeis
1154 3012 1297 3062 cmserus,
1316 2997 1358 3054 sic

183 3085 335 3144 obseruari
357 3089 477 3160 oportet,
505 3085 544 3145 ib.
566 3088 606 3146 16
632 3087 738 3146 calcem
756 3087 906 3159 partiaria
932 3086 1107 3159 coquendam
1131 3087 1181 3159 qui
1205 3085 1289 3152 duat,
1314 3087 1357 3144 ila

184 3174 281 3233 datur.
310 3173 346 3235 cf.
365 3176 417 3251 97,
433 3176 461 3234 2.
505 3176 568 3235 108
587 3177 687 3235 cirrum
710 3178 737 3235 si
761 3175 838 3234 robes
861 3176 986 3249 capam
1008 3175 1183 3234 duraturam
1206 3176 1244 3233 sit
1260 3191 1355 3233 aecae.

185 3262 221 3322 ef.
243 3265 399 3323 112.142
423 3264 502 3324 silici
524 3265 624 3338 officia
650 3282 723 3338 qaae
745 3269 820 3324 saar.
862 3283 903 3324 or.
918 3263 950 3323 Π
966 3267 1003 3323 11
1025 3266 1057 3324 irr
1074 3265 1197 3323 Italiam
1215 3264 1355 3323 Insubres

182 3356 266 3411 terrra
284 3356 368 3426 etuas
386 3357 527 3426 quaterna
545 3354 629 3414 milia
645 3355 831 3414 suceiduram
849 3354 995 3413 advehere.
1036 3354 1075 3413 ib.
1092 3356 1132 3412 21
1147 3353 1264 3413 laecum
1276 3353 1353 3412 Dia-

181 3443 265 3501 miam
282 3442 314 3500 ia
331 3458 446 3501 memore
459 3440 593 3502 Aricinis
606 3442 734 3518 Eperias
747 3443 879 3502 Lamias
893 3442 1076 3502 Tusculanas
1095 3443 1244 3502 dedicavit.
1278 3444 1354 3502 orat.

183 3531 268 3601 58,1
288 3533 335 3590 mr
353 3548 417 3593 eum
436 3532 593 3591 divortium
610 3534 685 3606 fecit,
703 3533 820 3591 mulieri
832 3532 919 3592 iader
931 3549 990 3606 pro
1004 3549 1118 3592 censore
1131 3536 1179 3591 est
1217 3530 1254 3591 cf.
1268 3530 1308 3591 ib.
1323 3533 1352 3591 2.

183 3616 322 3681 Valerius
341 3619 448 3681 Antias
468 3620 504 3680 lr.
519 3621 561 3681 45
581 3621 674 3682 velitis
695 3622 832 3688 babeatis,
856 3638 929 3694 puae
941 3622 1069 3694 pecunia
1088 3625 1174 3695 capta
1189 3663 1287 3681 .....
1304 3627 1353 3689 est,

186 3750 284 3767 .....
298 3711 374 3782 ama
392 3712 453 3770 aiae
469 3753 582 3777 .....,
609 3713 653 3770 ati
675 3711 710 3770 de
733 3727 768 3769 eu
794 3728 834 3769 re.
874 3710 911 3771 cf.
931 3708 1139 3770 Weissenborn
1167 3709 1206 3767 ad
1232 3708 1352 3768 Livium

179 3795 347 3875 XXXVIII,
362 3799 413 3858 54.
449 3798 546 3859 Varro
565 3818 588 3861 r.
608 3819 630 3860 r.
645 3800 705 3874 12,
720 3799 762 3860 25
781 3800 880 3860 scribit
897 3801 1010 3859 eimiees
1026 3816 1109 3873 quma
1122 3799 1291 3858 admodum
1305 3800 1350 3857 in-

178 3887 271 3958 terrici
287 3890 422 3960 oporteat.

267 3974 341 4034 Inde
360 3975 509 4051 sequitur,
532 3979 567 4037 ut
586 3996 622 4037 ea
640 3979 723 4038 notio
747 3977 884 4054 inprimis
904 3995 980 4054 quae
999 3976 1115 4037 auctori
1133 3979 1224 4052 caput
1242 3980 1298 4055 est,
1316 3978 1348 4036 in

177 4064 275 4142 primo
293 4064 359 4124 loco
377 4068 515 4143 ponatur,
534 4067 707 4142 saepissime
725 4086 796 4128 vero
816 4067 935 4127 omnino
954 4085 999 4144 ea,
1018 4066 1055 4126 de
1073 4085 1134 4143 qua
1151 4069 1273 4127 acturus
1293 4070 1348 4128 est.

178 4153 285 4230 Itaque
304 4153 402 4213 Keilio
421 4155 440 4213 l.
460 4172 483 4219 c.
503 4147 723 4237 (commentarii
746 4156 779 4216 in
804 4155 925 4216 Catonis
944 4156 981 4216 de
999 4155 1066 4233 agri
1084 4157 1204 4216 cultura
1221 4148 1348 4236 librum)

177 4262 206 4319 p.
222 4246 262 4303 32
289 4261 349 4302 non
373 4261 495 4319 possum
518 4262 579 4304 non
604 4246 758 4324 assentiri,
784 4265 853 4306 cum
877 4245 951 4307 haec
973 4246 1066 4306 verbs
1090 4245 1194 4323 quasi
1215 4245 1350 4306 titulos

179 4331 345 4411 significat,
364 4332 417 4410 qui
435 4337 645 4411 argumentum
663 4334 803 4395 indicent.
823 4367 863 4380 —
884 4335 986 4413 Atque
1004 4335 1107 4395 eadem
1126 4335 1164 4394 de
1182 4351 1274 4394 causa
1291 4354 1351 4394 om·

179 4419 225 4489 nis
245 4420 369 4484 offensio
387 4422 474 4485 nobis
488 4424 621 4487 tollenda
635 4427 690 4505 est,
709 4443 799 4503 quam
812 4425 912 4489 nescio
926 4444 965 4488 en
978 4425 1050 4487 haec
1063 4423 1209 4505 praebere
1222 4423 1350 4502 possint:
