3034 4825
182 244 249 309 490
661 244 692 301 O.
706 244 876 317 Altenburg:

184 434 220 476 oc
238 416 380 476 timendos
398 445 439 457 -
460 414 512 475 ubi
531 416 621 476 etiam
640 416 779 493 gradatio
798 416 945 493 quaedam
962 418 1084 493 praesto
1103 418 1157 476 est.
1191 417 1255 476 127
1272 434 1357 477 mon-

182 507 325 574 dooimus,
350 523 387 564 ne
404 504 557 565 vellicatim
576 510 629 566 ant
644 508 803 566 saltuatim.
843 509 905 567 132
925 508 1058 566 amamus
1076 507 1183 566 animis
1201 511 1226 565 01
1243 508 1356 566 studiis.

182 593 325 671 Inprimis
348 593 422 653 illud
448 596 528 671 quod
551 596 612 655 dixi
634 595 792 656 consilium
815 597 932 656 elucere
956 596 1029 655 mihi
1047 596 1169 656 videtur
1186 614 1222 654 ex
1240 596 1357 656 fr.110

184 701 233 757 epo
251 685 316 743 illos
333 686 426 745 malos
445 689 471 744 et
488 687 614 746 audaces
631 703 743 760 semper
757 686 864 746 enixim
878 690 977 747 contro
990 688 1127 760 fortunas
1140 690 1225 759 atoue
1237 686 1357 744 tonores

182 774 270 832 liuius
288 774 400 834 ordinis
418 777 517 834 omnio
533 775 635 848 fecisse
653 794 689 835 oc
706 776 814 835 11010εο
830 779 928 836 sentio.
956 774 1089 836 Similem
1108 775 1256 834 rationem
1271 792 1355 850 prae·

183 862 256 921 bent
278 862 411 922 Licinius
430 863 531 923 Macer
552 865 622 926 int
648 867 781 939 auspicia
798 866 926 940 palemo
949 870 975 925 01
998 866 1151 924 luculenta.
1189 862 1221 923 C.
1235 863 1356 923 Laelius

183 949 308 1027 Sapiens
326 972 353 1028 p.
372 953 434 1013 175
454 971 505 1012 nec
522 956 565 1014 lto
582 956 696 1014 moleste
714 959 799 1028 atque
817 972 902 1028 acere
919 956 1004 1029 ferre.

270 1041 316 1100 Ex
339 1041 387 1102 his
411 1042 505 1117 igitur
528 1042 672 1119 exemplis
697 1042 761 1103 sina
786 1043 876 1103 dubio
898 1043 987 1103 initia
1008 1043 1162 1119 legitimae
1185 1042 1270 1102 illins
1289 1061 1356 1102 con-

182 1130 337 1190 cinnitatis
360 1131 447 1191 nobis
470 1131 603 1191 ducenda
622 1135 707 1206 snut,
731 1151 807 1210 quae
826 1132 901 1191 artis
921 1135 980 1210 est,
1004 1151 1072 1192 cum
1090 1132 1146 1190 illa
1163 1132 1263 1208 priora
1280 1131 1357 1190 nihil

182 1219 257 1278 facti
274 1220 323 1279 vel
343 1221 478 1281 arcessiti
496 1240 569 1298 prae
588 1241 620 1282 se
639 1223 746 1299 ferant,
764 1222 855 1282 immo
875 1222 975 1283 omnia
992 1221 1127 1282 nativam
1145 1222 1230 1281 illam
1243 1220 1356 1298 simpli·

184 1308 304 1369 citatem
324 1313 488 1389 praestent,
507 1331 583 1388 quae
603 1314 637 1371 nt
655 1312 811 1371 sententiis
829 1313 873 1371 ita
891 1312 991 1373 verbis
1010 1312 1133 1389 propria
1150 1312 1198 1371 sit.

270 1399 386 1460 Deinde
405 1401 441 1460 de
459 1401 557 1462 tribua
576 1401 676 1461 verbis
694 1401 854 1461 cumulatis
872 1401 1036 1462 videamus.

611 1552 636 1614 I.
668 1553 754 1612 Tria
776 1554 927 1615 nomina.

271 1670 337 1728 270
362 1671 443 1743 coris
465 1670 572 1729 dandis
594 1671 787 1745 admonendis
808 1672 982 1731 iudicandis.
1020 1672 1093 1743 312,
1109 1671 1149 1730 86
1173 1671 1355 1729 incenatum

181 1759 349 1818 decuriones
367 1760 584 1833 communesne.
611 1759 649 1819 ib.
670 1760 852 1836 saepissime.
874 1792 913 1801 —
934 1769 1056 1820 carmen
1074 1758 1255 1819 evocationis
1274 1757 1355 1834 apud

181 1846 366 1906 Macrobium
385 1846 441 1926 111,
461 1850 479 1907 9
498 1852 565 1922 peto
589 1854 620 1909 ut
636 1895 644 1909 .
659 1894 666 1907 .
681 1893 690 1908 .
704 1894 712 1910 .
728 1852 839 1910 civitati
860 1853 966 1910 metum
984 1850 1169 1925 formidinem
1187 1849 1355 1908 obliuionem

180 1938 316 1996 iniciatis.
335 1969 379 1979 —-
397 1937 437 1998 ib.
463 1943 496 1996 ut
522 1956 619 1999 omnes
645 1941 728 2000 illam
755 1943 856 1999 urbem
972 1941 1048 2016 fuya
1068 1939 1225 2012 formidine
1248 1941 1356 1996 terrore

181 2027 345 2100 compleatis.
373 2027 410 2086 cf.
429 2027 460 2086 in
479 2027 610 2088 formula
629 2028 795 2089 devotionis
814 2028 886 2107 quid
904 2028 1040 2087 imitatus
1059 2026 1100 2086 sit
1117 2026 1221 2087 Livius
1235 2024 1318 2102 VIII,
1334 2028 1352 2086 9

182 2107 233 2195 (cf.
253 2114 459 2175 Wordsworth
477 2117 535 2177 10.
554 2138 583 2194 p.
599 2111 678 2199 284)
697 2123 806 2178 terrore
823 2119 979 2192 formidine
995 2121 1146 2190 morteque.

270 2203 345 2265 Cato
370 2206 521 2282 originum
539 2205 591 2282 IV,
613 2200 665 2291 7¹)
688 2211 880 2279 monumentis
901 2209 993 2282 010010
1015 2208 1127 2266 statuis.
1168 2204 1206 2279 V,
1226 2207 1243 2264 1
1268 2205 1355 2264 retus

180 2296 314 2355 secundis
337 2299 421 2368 atoue
437 2297 565 2369 prolixis
588 2301 672 2371 atoue
687 2300 849 2373 prosperis.
885 2300 959 2356 orat.
979 2295 1100 2373 Vlll,1
1126 2296 1234 2355 indicta
1255 2313 1354 2362 causa,

179 2386 357 2454 iniudicatis,
375 2387 612 2448 incondemnatis.
647 2386 827 2464 Calpurnius
847 2388 913 2448 Piso
933 2387 969 2447 fr.
984 2387 1026 2447 33
1046 2386 1257 2446 lucubrationes
1274 2402 1355 2445 meos

178 2475 349 2549 viriliusque
372 2480 398 2534 01
419 2477 547 2537 sudores.
585 2476 683 2554 Scipio
707 2477 867 2537 Africanus
890 2478 987 2536 minor
1009 2495 1038 2551 p.
1055 2477 1118 2534 184
1142 2476 1241 2533 omnia
1263 2476 1354 2541 mala,

174 2564 297 2639 probro,
315 2566 439 2638 11001110.

586 2669 626 2730 Π.
657 2670 741 2731 Tria
764 2670 945 2733 adverbia.

196 2808 199 2811 ·
270 2788 344 2862 311,
364 2787 406 2845 14
426 2804 460 2846 eu
478 2803 512 2846 00
524 2781 563 2846 'rc
581 2792 633 2847 out
650 2789 684 2847 ob
703 2804 767 2846 eom
784 2805 847 2846 rem
865 2804 929 2846 ecoe
946 2787 1069 2846 nominc.

605 2947 661 3008 III.
693 2948 784 3011 Tria.
804 2949 924 3008 verba.

273 3064 406 3141 295,16
431 3065 508 3124 dedit
535 3066 701 3139 aduocauit
726 3067 859 3125 reddidit.
904 3064 943 3123 ib.
965 3066 1020 3135 23,
1051 3065 1105 3139 24,
1136 3066 1186 3136 71,
1218 3065 1272 3141 18,
1302 3065 1353 3124 94.

183 3154 256 3229 295,
277 3154 317 3211 22
353 3156 496 3212 constituit
523 3155 673 3214 0101001100
700 3156 896 3214 conlocauitoe.
942 3155 978 3214 01.
1002 3153 1041 3214 ib.
1060 3155 1113 3212 41.
1137 3154 1210 3228 312,
1231 3155 1282 3225 90,
1302 3155 1354 3211 95.

183 3241 350 3302 3061115
375 3242 464 3301 tollito
486 3244 594 3316 1010010
618 3246 784 3318 componito.
822 3245 896 3318 310,
917 3246 935 3302 7
958 3244 1060 3301 datum
1082 3243 1220 3300 10001000
1239 3241 1352 3300 dedica-

178 3337 301 3405 tumque.
322 3361 364 3371 —
383 3349 502 3390 carmen
527 3332 709 3393 evocationis
734 3331 814 3408 apud
835 3331 1017 3391 Macrobium
1031 3329 1121 3404 ΙΙΙ,9
1140 3347 1245 3404 precor
1269 3347 1352 3388 oenc-

178 3439 283 3496 001000
306 3422 475 3494 ueniamque
498 3440 517 3480 a
539 3424 775 3495 0011100010-
798 3420 838 3480 ib.
860 3426 894 3479 ut
916 3438 965 3495 epo
988 3423 1078 3479 sciam
1101 3422 1223 3478 sentiam
1244 3419 1353 3477 intelle·

178 3528 310 3585 qumque.
356 3509 417 3568 tab.
454 3509 621 3570 devotionis
644 3510 689 3570 ed.
709 3510 917 3570 Wordsworth
935 3511 955 3569 1.
970 3528 994 3568 c.
1012 3529 1040 3586 p.
1057 3510 1118 3568 231
1145 3509 1286 3568 demando
1305 3509 1353 3567 de·

178 3617 264 3659 00000
292 3600 545 3671 0100000111οἱ0-
574 3601 610 3659 ci.
638 3590 669 3658 in
697 3599 828 3659 formula
854 3599 1020 3659 devotionis
1048 3597 1120 3672 quid
1147 3597 1285 3656 imitatus
1313 3597 1353 3656 sit

178 3688 283 3749 Livius
296 3689 380 3762 VIII,
397 3691 414 3748 9
440 3707 490 3748 eos
506 3707 611 3763 precor
628 3705 747 3748 oenemr
765 3690 881 3749 ueniam
892 3693 960 3762 pcto
978 3689 1101 3761 feroque.
1138 3684 1212 3745 (lato
1231 3686 1268 3745 de
1288 3705 1314 3744 a.
1328 3705 1353 3745 0.

184 3780 255 3854 141,
276 3781 294 3838 2
317 3780 495 3852 prolitessis
522 3779 661 3852 defendes
686 3795 919 3850 averruneesouc.
967 3775 1110 3835 Claudius
1134 3773 1352 3852 Quadrigarius

180 3867 217 3925 fr.
241 3870 280 3925 12
310 3872 336 3926 01
363 3868 586 3940 concrediuntur
613 3871 639 3926 et
665 3868 824 3926 consistunt
850 3871 876 3925 et
902 3867 1123 3925 0011000οὂ00100
1150 3867 1211 3924 iam
1237 3881 1351 3923 manus.

159 4012 161 4016 ,
181 3955 320 4013 Valerius
339 3956 448 4014 Antias
468 3957 504 4016 fr.
519 3958 561 4017 45
575 3960 703 4030 pecunia
721 3961 808 4031 captu
826 3957 926 4015 oblata
944 3959 1049 4015 coacta.
1068 3954 1167 4014 -De
1185 3954 1244 4012 fide
1262 3951 1350 4010 huius

178 4043 236 4102 loci
255 4043 291 4104 ef.
309 4063 337 4119 p.
353 4046 404 4104 31.
442 4044 598 4106 Cornelius
619 4046 743 4106 Sisenna
761 4044 799 4103 tr.
814 4046 855 4105 35
880 4046 1020 4119 dispalati
1043 4046 1079 4105 ab
1103 4045 1207 4118 siparis,
1230 4042 1352 4115 dipressi

178 4149 275 4192 omnes
294 4149 329 4192 oc
346 4133 490 4207 dissipati.
546 4195 548 4199 ,

270 4219 411 4296 Sequitur
430 4226 573 4298 quattuor
591 4224 639 4284 vel
657 4212 792 4300 plurium
811 4224 1006 4285 coacervatio.

271 4374 296 4440 1)
315 4370 428 4425 (latonia
442 4375 555 4440 praeter
572 4374 676 4430 librum
695 4375 730 4431 de
749 4393 780 4431 re
799 4378 905 4432 rustica
923 4394 994 4446 quae
1014 4375 1112 4432 extent
1129 4391 1185 4429 rec.
1199 4373 1234 4428 Η.
1250 4373 1351 4428 Iordan

178 4441 290 4513 Lipsiae
314 4447 390 4498 1860.
485 4450 487 4455 ’
