3034 4825
168 219 235 285 522
408 285 411 286 a
649 217 679 276 0.
697 218 867 290 riunena:

170 409 230 469 qua
248 392 338 450 antea
357 389 428 467 egit.
456 390 493 450 cf.
511 391 561 469 10,
578 391 605 462 1,
616 390 645 450 4.
657 456 659 460 y
671 390 751 463 11,1
773 389 828 449 bis.
850 390 922 466 160,
933 391 962 449 2.
979 421 1017 430 -
1039 386 1274 467 Catonisigitur
1293 390 1348 451 sic·

172 483 208 551 ut
230 480 331 559 legum
356 478 416 539 XII
430 480 611 551 ,tabularum
633 478 790 555 proprium
812 482 860 538 est
884 478 1053 538 subiectum
1076 478 1228 555 omittere,
1252 481 1347 541 sicubi

169 589 224 645 per
242 587 274 629 se
292 569 401 630 ceteris
425 569 526 631 verbis
550 567 684 645 suppleri
706 570 816 645 potest.
854 568 939 636 ldem‘
961 569 1040 644 apud
1058 568 1227 628 Varronem
1245 570 1347 630 obser·

168 677 290 736 vamus3
319 658 413 734 antiq.
438 677 495 718 rer.
514 657 573 719 div.
592 657 640 716 ΙΙΙ
668 657 748 735 apud
771 656 1118 734 Macrobium116,19
1143 662 1223 719 uiros
1244 677 1348 724 uocare

171 750 255 822 seriis
272 766 331 807 uou
350 752 466 822 oportet,
484 750 511 807 si
529 749 649 815 oocaoit,
662 749 817 822 piaculum
835 751 900 826 esto.
922 778 960 789 ·-
981 767 1004 807 r.
1019 768 1042 808 r.
1057 746 1072 805 I
1087 750 1116 824 4,
1132 750 1151 806 2
1170 767 1252 808 ueruo
1271 752 1348 809 euim

172 839 271 898 eadem
294 838 414 897 utilitati
435 855 494 897 uou
516 838 674 910 formosius
696 838 772 910 quod
797 841 838 896 est
857 853 948 896 emere
964 839 1076 897 mauult
1089 838 1197 911 pluria,
1216 857 1304 912 quau
1320 841 1348 899 si

172 932 213 987 est
234 929 402 1001 fructuosus
420 929 515 1001 turpis
529 958 571 967 —
587 926 786 1002 supplendum
806 928 908 985 autem
928 929 975 985 est
993 925 1136 987 fundus.
1143 918 1169 1007 1)
1187 927 1249 987 tab.
1264 927 1308 1004 Ig.
1320 928 1347 983 V

171 1017 199 1075 A
217 1018 257 1076 16
281 1016 455 1076 lcumualrlole
467 1007 610 1083 Atiiedie,
633 1017 704 1075 ulrre
727 1017 869 1076 0110000000
889 1007 1042 1082 Atiiedier,
1068 1034 1124 1090 ope
1140 1018 1264 1091 apolusl,
1282 1035 1346 1077 oiu-

170 1106 256 1165 uelolu
273 1106 363 1165 leobio
382 1136 422 1146 —
443 1105 528 1164 deest
550 1123 677 1165 nomen
701 1103 874 1165 flaminis.
904 1104 947 1164 VI
961 1104 987 1163 B
1003 1107 1045 1165 48
1063 1122 1141 1179 poue
1158 1108 1247 1180 poplo
1266 1108 1348 1180 ofero

171 1195 278 1262 troies,
304 1196 372 1268 aaif
392 1197 517 1255 aseriato
545 1199 599 1255 etu.
629 1225 666 1236 -
695 1194 731 1254 cf.
750 1193 917 1254 Buecheler
940 1194 959 1254 L
978 1213 1002 1254 0.
1025 1214 1055 1270 p.
1075 1195 1125 1256 33.
1146 1196 1197 1256 86.
1219 1226 1263 1263 ,-
1287 1196 1349 1256 alia

175 1283 215 1345 ib.
232 1285 282 1349 51.
298 1284 349 1344 52.
538 1294 540 1298 ’

263 1371 360 1432 Simili
378 1373 495 1442 ratione
514 1373 706 1443 iudicandum
721 1376 768 1434 est
787 1377 838 1453 97,
856 1376 895 1433 13
914 1391 985 1434 ueoe
997 1374 1119 1448 posthac
1131 1376 1207 1434 iuter
1220 1375 1270 1435 sed
1284 1392 1349 1436 eou-

173 1466 290 1523 iourase
307 1480 377 1522 ueoe
395 1466 552 1524 coruoooise
568 1482 638 1523 ueoe
657 1465 844 1538 couspoudise
860 1481 930 1534 ueoe
948 1466 1164 1538 comproruecise
1181 1465 1260 1532 celet,
1278 1482 1349 1524 uoce

172 1555 326 1627 quisquam
343 1553 431 1625 {idern
449 1555 524 1612 iuter
542 1554 592 1613 sed
609 1555 706 1613 dedise
724 1555 802 1613 oelet.
817 1584 860 1594 -
878 1553 1052 1612 Subiectum
1072 1555 1225 1627 quisquam
1243 1572 1347 1630 quam-

170 1641 216 1701 vis
235 1642 296 1700 iam
319 1641 399 1701 inter
420 1642 550 1719 primum
573 1660 644 1702 ueoe
668 1646 698 1702 et
716 1644 838 1717 posthac
860 1661 914 1703 suo
936 1642 1142 1719 lacessisset,
1166 1645 1266 1702 tamen
1283 1643 1347 1702 illic

174 1730 318 1790 omissum
340 1736 396 1808 est,
415 1732 504 1811 quod,
523 1731 550 1792 si
568 1734 685 1791 rectum
703 1732 800 1805 video,
819 1750 878 1791 non
897 1732 994 1792 multo
1014 1735 1083 1792 anie
1101 1735 1280 1807 usurpatum
1299 1733 1348 1792 hic

78 1858 81 1864 -
174 1820 308 1896 suppleri
326 1820 433 1896 potuit.
456 1852 492 1862 —
514 1820 551 1879 In
570 1821 676 1882 ceteris
695 1821 814 1897 legibus
837 1821 1004 1881 subiectum
1022 1821 1160 1898 inprimis
1179 1824 1348 1881 structurae

173 1909 378 1971 accusativi
396 1928 472 1969 cum
490 1909 683 1972 infinitivo
703 1911 806 1970 deesse
825 1910 1003 1986 reperimus:
1023 1913 1152 1987 293,19
1172 1913 1215 1970 sei
1232 1913 1347 1970 deiura-

170 2002 244 2059 oerit
257 2000 421 2060 calumniae
436 2018 528 2060 causa
540 2018 598 2060 uou
610 2002 764 2075 postulare
780 2032 818 2041 —
835 2000 919 2060 deest
934 2002 1035 2059 autem
1054 2018 1101 2059 se.
1139 2001 1213 2075 295,
1224 2002 1265 2061 69
1280 2003 1348 2074 quoi

169 2092 213 2149 ita
241 2094 366 2163 eruptum
393 2108 454 2149 esse
481 2093 668 2165 oarpaietur
689 2121 726 2131 -
748 2090 834 2159 deest
857 2109 941 2149 eum.
988 2089 1024 2150 ef.
1047 2089 1087 2150 ib.
1108 2091 1159 2150 68.
1175 2090 1253 2167 312,
1273 2091 1346 2151 106.

171 2178 245 2238 Oato
265 2177 301 2237 de
321 2197 347 2237 a.
362 2197 386 2237 c.
401 2180 465 2252 2,2
494 2180 563 2239 dicit
587 2180 690 2239 uilicus
716 2180 814 2239 sedulo
839 2196 869 2238 se
893 2180 1003 2252 fecisse,
1021 2196 1118 2239 seruos
1134 2197 1193 2238 uon
1210 2180 1347 2247 valuisse,

170 2271 350 2342 tempestates
367 2269 464 2328 molas
485 2270 590 2342 fuisse,
609 2286 706 2328 seruos
725 2270 888 2344 aufupisse,
907 2286 980 2345 opus
995 2269 1143 2342 publicum
1162 2269 1285 2340 effecisse
1303 2299 1346 2309 —

172 2357 202 2417 in
222 2356 330 2417 ultimo
349 2356 483 2417 membro
503 2357 589 2418 deest
607 2376 655 2420 se.
687 2358 724 2419 cf.
737 2360 809 2436 148,
825 2360 853 2418 2.
882 2356 1003 2418 Cassius
1018 2357 1147 2417 Hemina
1165 2357 1201 2419 fr.
1213 2359 1254 2419 37
1270 2350 1345 2437 (bis)

166 2452 324 2523 propterea
347 2449 521 2508 arbitrarier
543 2467 602 2508 uou
627 2451 796 2524 conputisce.
833 2448 869 2509 cf.
890 2446 1069 2524 Calpurnius
1086 2447 1157 2507 Piso
1176 2447 1212 2510 fr.
1229 2449 1278 2508 18.
1295 2451 1346 2509 27.

170 2536 310 2596 Valerius
329 2537 436 2596 Antias
454 2537 490 2596 fr.
507 2540 556 2598 21.

261 2625 343 2696 Quae
367 2626 405 2684 ad
428 2629 579 2686 mutatum
604 2626 770 2686 subiectum
795 2627 961 2704 pertinent,
983 2628 1057 2686 haec
1080 2627 1184 2685 affero:
1210 2627 1287 2702 312,
1304 2628 1344 2686 72

172 2717 326 2789 quominus
344 2717 386 2775 eie
404 2716 488 2776 loreis
501 2718 716 2790 porticibusque
730 2718 859 2791 populus
875 2721 977 2776 utalia
990 2721 1146 2790 pateautoe
1159 2747 1204 2756 —
1221 2716 1347 2792 apparet

170 2823 207 2864 ex
222 2803 362 2864 ablativis
377 2805 461 2865 loccis
473 2807 636 2880 porticibus
648 2805 867 2867 nominativum
881 2805 943 2865 illi
956 2805 1129 2882 lingendum
1143 2823 1217 2865 esse.
1245 2804 1345 2863 Etiam

169 2894 243 2954 haec
266 2893 444 2953 attractione
468 2894 508 2954 ad
531 2913 652 2955 sensum
676 2895 717 2954 sis
740 2895 956 2974 interpreteris.
995 2893 1071 2955 Cato
1091 2895 1127 2954 de
1146 2913 1172 2954 a.
1191 2912 1216 2953 c.
1237 2895 1342 2967 155,1

169 3002 277 3057 aquam
305 2984 439 3043 diducere
469 2987 502 3043 ia
529 2987 594 3045 cias
621 2989 646 3044 et
673 2990 793 3060 repetem
820 3003 925 3045 curare
948 2989 1056 3059 oportet
1077 2987 1122 3044 uti
1147 2987 1229 3056 [luat.
1267 2983 1346 3054 Quin

174 3073 374 3151 supplendum
395 3073 435 3133 sit
452 3077 496 3134 uti
512 3092 590 3148 aqua
604 3094 664 3134 non
679 3074 803 3133 dubium
818 3077 871 3134 est.
908 3076 968 3134 tab.
979 3073 1023 3150 Ig.
1033 3073 1078 3132 VI
1093 3073 1168 3133 Β52
1189 3092 1244 3148 apo
1257 3074 1345 3133 desua

173 3163 410 3234 eouiirtausiust,
428 3159 479 3222 oia
498 3165 608 3224 aoiecla
627 3181 755 3224 ecouorue
774 3168 855 3224 eluto.
894 3164 934 3223 53
955 3181 1010 3238 ape
1028 3165 1206 3222 aoosouiarue
1218 3163 1346 3236 hebetato

171 3253 285 3317 benaa,
305 3269 385 3311 euoru
405 3256 549 3312 termuuco
567 3253 711 3312 stotituto.
740 3253 777 3313 cl.
793 3255 844 3329 63,
860 3254 915 3330 64,
940 3252 1066 3328 saepius.
1103 3252 1269 3311 Buecheler
1287 3251 1305 3309 l.
1321 3271 1346 3312 c.

169 3361 198 3417 p.
215 3343 255 3401 93
282 3340 361 3400 hunc
384 3341 529 3401 sermonis
557 3360 644 3404 usum
673 3341 714 3401 sic
737 3341 816 3400 finit:
845 3345 977 3402 mutatur
998 3343 1155 3401 subiectum
1177 3359 1229 3400 uec
1250 3345 1347 3399 turneu

171 3431 364 3505 sipiificatuu
383 3433 453 3504 quia
470 3435 534 3490 uter
552 3436 651 3490 utrum
669 3434 820 3491 couuouiat
836 3432 925 3491 outa
942 3433 1088 3505 facturus,
1109 3448 1157 3490 res
1175 3432 1242 3504 ipsu
1259 3431 1345 3490 docet.

171 3518 238 3588 Qua
257 3518 374 3577 dicendi
391 3519 532 3579 libertate
556 3520 640 3579 illem
660 3539 854 3596 personarum
872 3519 1069 3579 mutationem
1084 3519 1237 3596 explicem,
1256 3537 1344 3595 quam

168 3608 298 3685 praebet
318 3609 372 3668 19:
391 3608 533 3670 Ioue-Sat.
549 3611 645 3670 deiros
663 3613 730 3685 quoi
747 3612 812 3671 med
829 3612 921 3689 mitat,
939 3612 986 3669 uei
999 3611 1045 3669 ted
1064 3610 1134 3668 eudo
1151 3611 1254 3668 corruis
1267 3610 1345 3668 circo

173 3699 234 3757 ried
256 3727 292 3739 ·-
316 3698 380 3757 dicc
400 3699 560 3758 transitum
580 3719 616 3758 ex
633 3699 726 3759 tertia
742 3717 873 3776 persona
890 3699 920 3756 in
940 3699 1109 3758 secundam.

170 3827 384 3837 —--——-——

259 3886 286 3952 1)
307 3884 368 3951 Qua
385 3903 415 3941 re
434 3891 509 3943 recle
529 3888 642 3955 cognita
656 3888 690 3943 H.
701 3887 766 3943 Keil
787 3885 980 3942 commentarii
998 3905 1025 3957 p.
1041 3890 1075 3940 25
1094 3885 1200 3941 tradita
1217 3885 1277 3940 iure
1297 3885 1346 3941 de-

168 3955 268 4011 fendit.
305 3957 340 4012 of.
360 3974 420 4028 cap.
436 3963 479 4013 21.
499 3963 542 4028 40,
557 3964 581 4015 6.
