3034 4825
191 247 258 313 518
612 309 614 313 ἱ
674 241 890 312 (1111551555

191 414 765 493 55555555555155511511555151.
819 412 980 490 312,150
1007 428 1078 484 quos
1103 412 1199 471 ructor
1216 429 1295 486 pars
1321 412 1374 471 de·

192 510 343 567 curionum
355 550 452 564 .....
463 506 553 564 rnr'ttec'
577 504 747 563 censuerint.
788 499 863 561 Cato
882 520 925 561 or.
938 499 976 578 V,
992 503 1010 559 2
1029 502 1101 560 1551
1118 502 1178 560 scio
1196 518 1237 559 on
1249 503 1371 575 purtim

193 613 291 656 eorurn
309 590 428 667 luerint.
455 594 490 653 cf.
511 594 653 652 555128.
690 589 813 650 Cassius
827 590 954 649 Hemina
972 589 1008 648 fr.
1025 592 1043 651 9
1059 607 1135 663 pers
1152 591 1218 649 11155
1237 595 1369 651 monent.

143 735 146 741 .
194 685 351 744 511511.
391 682 524 742 11515155
541 681 642 741 Macer
661 680 697 739 tr.
712 681 753 740 23
775 697 851 753 pars
872 697 981 753 515555
1005 679 1213 753 1515551555
1234 684 1372 753 portent.

192 774 290 833 Varro
309 774 328 831 1.
342 772 362 832 l.
376 771 429 849 VI,
445 774 483 832 51
510 789 675 845 55555515
698 771 803 843 555511
827 773 869 827 est
891 787 910 827 5
933 768 1052 828 1155515
1076 785 1111 827 55
1133 771 1202 828 sunt
1225 772 1278 828 out
1302 787 1372 828 con-

192 866 291 923 iuncto
310 880 376 921 cunr
393 862 567 935 temporibus
585 864 637 919 551
654 860 690 918 51
704 859 758 926 leis,
773 875 872 917 eorum
884 858 1185 932 155555551155151
1199 851 1307 932 ἔτυμα.
1325 890 1368 901 -

195 952 289 1027 antiq.
308 970 365 1011 rer.
383 949 464 1010 hum.
479 948 526 1009 111
545 948 624 1024 apud
639 947 824 1007 Priscianum
839 946 883 1004 IX
904 949 958 1024 10,
974 946 1015 1007 53
1036 939 1087 1025 (51.
1105 945 1224 1023 leipzig.
1243 945 1374 1006 Studien

145 1096 148 1101 .
194 1040 231 1117 V,
247 1032 472 1122 92)555151555
496 1039 669 1098 odotucrunt
690 1037 760 1096 1555
784 1039 924 1096 iuventus.
962 1035 998 1095 cl.
1017 1054 1040 1094 r.
1059 1054 1083 1094 r.
1102 1034 1148 1094 III
1164 1036 1192 1104 7,
1210 1037 1228 1094 2
1247 1038 1282 1109 sn
1299 1039 1383 1097 nris-

195 1131 297 1189 cellum
322 1146 413 1203 penus
440 1131 524 1201 51555
550 1127 692 1186 incedunt.
716 1157 750 1166 -
775 1126 856 1196 293,
878 1126 918 1185 57
946 1125 981 1184 15
1005 1125 1107 1184 5555111
1131 1126 1253 1184 rnor’orr‘s
1272 1129 1379 1199 portis

194 1221 351 1286 sententio,
374 1220 477 1292 555511
499 1219 540 1275 ets
562 1217 724 1274 censuerint
741 1246 793 1274 -.
829 1213 963 1273 Verbum
988 1215 1150 1273 censuerint
1172 1215 1258 1289 quasi
1282 1218 1380 1275 consi-

200 1310 339 1368 liatorum
361 1305 501 1366 anteierit
524 1307 672 1365 structum
695 1306 754 1382 551,
777 1322 838 1379 555
855 1302 976 1363 5511555
998 1302 1048 1361 hic
1070 1302 1255 1362 abstractum
1273 1306 1381 1364 consili

195 1395 341 1472 fungitur.
375 1394 437 1455 tab.
455 1392 500 1471 Ig.
515 1392 543 1449 V
557 1392 585 1452 A
599 1394 640 1454 25
660 1394 927 1453 555555551515
944 1392 1044 1465 frctru
1062 1383 1206 1460 Arrunte,
1223 1411 1302 1467 puro
1319 1395 1377 1453 utu

197 1488 344 1552 benurent,
358 1485 558 1559 prusilrurcnt.
595 1483 698 1543 5128.
717 1481 745 1536 V
758 1480 785 1540 B
800 1472 862 1561 4.¹)

285 1573 561 1633 (1515155570
589 1573 692 1644 155555
718 1572 801 1644 ipsus
828 1574 854 1629 et
880 1572 930 1644 551
956 1571 1036 1630 ouon
1059 1572 1162 1647 facito,
1188 1574 1222 1629 ut
1244 1575 1368 1646 uterquc

197 1665 358 1725 sublimiter
381 1667 460 1722 stent.
508 1660 604 1721 Varro
627 1661 648 1721 1.
668 1660 687 1719 1.
706 1659 733 1717 V
750 1660 814 1719 180
840 1662 891 1732 551
911 1661 1025 1733 petebat
1050 1662 1076 1718 et
1100 1661 1150 1733 551
1173 1660 1376 1732 inficiabatur,

199 1755 234 1814 de
260 1754 329 1812 ullis
353 1752 440 1811 rebus
466 1755 583 1824 uterque
610 1751 766 1823 5511155555
793 1751 871 1808 oerr's
904 1750 944 1808 od
970 1752 1088 1822 pontem
1115 1750 1301 1822 deponebant.
1333 1782 1375 1794 -

199 1843 295 1913 Quam
315 1840 525 1901 attractionem
544 1837 636 1898 etiam
659 1837 841 1914 posteriores
860 1840 996 1897 auctores
1015 1836 1111 1896 secuti
1129 1840 1207 1896 sunt.
1235 1838 1273 1897 cf.
1288 1838 1378 1917 vm,

199 1935 249 1993 26.
265 1922 348 2011 84))
387 1927 461 1989 Cato
481 1929 556 1988 orat.
572 1929 612 1987 51
633 1929 725 2001 515515
744 1928 815 2000 quid
828 1928 901 1985 ulter
919 1928 955 1986 ub
974 1927 1272 2001 5155551551,-
1291 1928 1331 1987 ib.
1349 1933 1378 1989 st

200 2023 382 2096 sponsionem
395 2016 734 2093 15515555111511155555
749 2016 848 2076 Turr‘o.
883 2013 1026 2074 Claudius
1041 2014 1260 2092 Quadrigarius
1280 2017 1315 2076 fr.
1330 2020 1376 2077 85

201 2111 372 2183 5551115555
401 2126 465 2167 aruc
492 2107 638 2180 funditore
659 2107 804 2178 utriunque
827 2122 938 2163 summo
962 2105 1057 2163 studio
1079 2108 1237 2178 spernunt..
1254 2136 1295 2146 -
1320 2105 1380 2167 His

202 2196 342 2275 proximis
365 2196 438 2256 locis
462 2197 536 2254 duas
560 2195 696 2255 notiones
715 2213 769 2269 per
786 2212 862 2253 cum
884 2193 1056 2253 coniunctas
1075 2193 1195 2253 easdem
1214 2194 1321 2254 sentiri
1340 2215 1378 2256 ac

202 2288 227 2347 si
245 2306 298 2362 per
318 2290 355 2345 et
373 2303 504 2344 annexae
524 2283 584 2344 sint
602 2284 667 2342 luce
687 2282 796 2358 clarius
811 2285 866 2342 est.
900 2283 935 2341 cl.
955 2281 1016 2341 tab.
1030 2282 1128 2357 Ig.VI
1143 2281 1168 2340 B
1184 2284 1225 2343 57
1247 2301 1299 2342 eno
1313 2302 1379 2344 corn

194 2377 345 2453 prinootr‘r
363 2376 499 2451 perceris
518 2375 611 2434 soccis
632 2374 798 2434 ornbretuto.
836 2371 1023 2449 Quamquam
1042 2390 1078 2431 ex
1097 2371 1139 2432 eis
1159 2390 1235 2449 quaa
1253 2390 1377 2450 praece-

201 2468 291 2543 dunt,
318 2465 487 2524 subiectum
515 2463 670 2539 singulare
697 2462 813 2522 auctori
840 2462 1037 2538 repetendum
1065 2465 1145 2536 erat,
1177 2464 1280 2522 tamen
1307 2481 1378 2524 cum

199 2556 305 2614 animo
325 2555 388 2614 eins
407 2554 466 2612 iam
486 2551 567 2611 aliud
586 2552 721 2612 additum
740 2555 830 2624 esset,
847 2550 957 2627 plurali
974 2550 1105 2611 adhibet

288 2643 336 2703 Ita
354 2641 445 2701 etiam
465 2641 671 2721 explicandum
691 2643 750 2719 est,
775 2640 871 2700 sicubi
890 2640 1015 2699 verbnm
1040 2638 1253 2702 enuntiationis
1273 2660 1378 2702 secun·

200 2732 300 2792 dariae
329 2731 491 2792 secumdum
522 2748 630 2789 nornen
658 2730 849 2790 collectivum
876 2728 925 2788 vel
957 2728 1085 2788 similem
1112 2729 1265 2790 notionem
1294 2733 1376 2792 unde

199 2820 329 2899 pendeat
346 2820 542 2896 componitur.
587 2821 671 2892 919
691 2822 771 2892 isque
789 2820 824 2878 do
842 2822 976 2877 scnotuos
993 2820 1160 2885 senlentr‘od,
1181 2820 1250 2878 duru
1268 2838 1305 2879 nc
1322 2825 1378 2882 mi·

201 2930 257 2971 nus
275 2912 456 2971 senatoribus
475 2908 501 2968 0
518 2910 646 2977 odesent,
670 2926 755 2981 quoru
778 2924 812 2968 eu
835 2926 882 2968 res
905 2906 1088 2986 cosolcrelur,
1111 2909 1248 2967 r'ousiscnt
1266 2901 1324 2991 (sic
1342 2911 1375 2970 in

201 3001 307 3060 tabula
324 2993 477 3079 traditur).
493 3029 533 3038 -—
551 2996 664 3057 Contra
682 3016 733 3058 ecs
752 2997 803 3073 qui
823 2997 979 3069 ediderunt
998 2989 1186 3078 (Mommsen,
1206 2996 1379 3078 Schneider,
1451 3022 1454 3029 ¹

202 3083 268 3167 alii)
288 3089 430 3164 plurale
449 3088 575 3148 verbum
594 3086 813 3146 defendendum
832 3090 890 3163 est,
914 3086 993 3163 quod
1018 3085 1147 3145 maxime
1166 3104 1182 3144 5
1201 3087 1380 3150 vetustioris

119 3216 123 3221 -
200 3178 345 3237 sermonis
372 3177 496 3251 ingenio
520 3178 580 3252 est,
604 3193 640 3234 ex
662 3175 723 3234 illis
752 3177 787 3234 de
813 3179 948 3234 scnutuos
974 3176 1135 3235 sententlod
1152 3174 1281 3235 altarum
1306 3177 1379 3237 sub-

199 3269 323 3343 iectum,
347 3269 383 3325 ut
405 3266 450 3325 ita
474 3265 569 3324 dicam
594 3263 692 3323 animo
717 3262 869 3323 attrahere
888 3264 944 3340 ita,
967 3266 1002 3323 ut
1024 3264 1148 3322 verbum
1173 3264 1250 3323 strui
1272 3267 1379 3346 possit,

200 3355 286 3432 55551
300 3353 357 3414 duo
373 3355 507 3415 subiecta
524 3384 561 3394 -
579 3356 606 3412 is
619 3357 645 3412 51
658 3357 804 3412 conolores
820 3383 858 3394 —
875 3357 944 3411 ante
960 3352 1072 3427 scripta
1086 3353 1154 3412 sint.
1185 3353 1286 3430 Atque
1300 3356 1376 3415 haec

202 3443 401 3504 Weissbrodti
425 3434 681 3525 (observationum
705 3442 736 3500 in
761 3441 789 3501 S.
809 3439 839 3502 O.
864 3441 900 3500 de
919 3440 1158 3501 Bacchanalibus
1182 3444 1331 3518 particula
1349 3444 1375 3520 Ι,

200 3534 410 3610 Bruusbergae
431 3534 515 3592 1879
535 3552 564 3608 p.
580 3525 615 3611 6)
644 3533 793 3591 sententia
818 3549 852 3590 eo
880 3531 1104 3608 comprobatur,
1131 3530 1211 3608 quod
1240 3532 1374 3593 eiusdem

201 3623 278 3699 legis
296 3622 328 3681 in
345 3642 373 3682 v.
390 3624 429 3682 18
450 3623 554 3681 eadem
572 3619 686 3679 tradita
704 3611 814 3702 sunt.³)

291 3711 425 3770 Similem
438 3710 557 3770 numeri
570 3709 800 3785 discrepantiam
815 3708 941 3784 praebet
955 3709 1015 3770 tab.
1029 3709 1118 3770 Bant.
1128 3727 1186 3769 ose.
1196 3729 1224 3769 u.
1238 3712 1256 3771 9
1272 3712 1376 3785 fuctud

196 3819 272 3875 noos
290 3805 363 3861 15515
385 3802 537 3860 detentuns
560 3801 707 3873 15551555
730 3800 863 3867 denaus,
882 3794 1211 3869 51551515155555115
1230 3803 1375 3874 1555111515

201 3892 321 3958 151555,
333 3891 396 3965 poet
413 3890 564 3949 55155555
582 3890 711 3948 15511555
729 3889 824 3948 151511
836 3904 924 3946 cuum.
950 3887 986 3945 cl.
1001 3886 1062 3949 tab.
1076 3888 1121 3963 lg.
1132 3886 1282 3948 v11A52
1301 3890 1372 3949 155·

293 4077 319 4146 1)
337 4039 432 4132 risun
445 4075 521 4133 urin.
539 4094 565 4131 v.
580 4081 615 4131 ss
632 4076 742 4143 faunu
755 4091 826 4145 pars
843 4075 990 4133 551555.
1011 4105 1044 4117 -
1063 4073 1121 4131 arra
1139 4073 1222 4131 uffae
1235 4074 1303 4130 nrix
1323 4077 1378 4134 hoc

203 4149 273 4203 loco.
303 4149 661 4217 28655111555551551515
675 4148 783 4214 babent,
800 4147 894 4201 115155
906 4163 980 4218 pens.
1010 4152 1062 4202 421
1077 4148 1150 4203 55115
1164 4148 1379 4204 droctnmurnm

201 4221 361 4288 torpcssttoe
381 4220 530 4289 Olympico,
548 4219 667 4288 555515
685 4219 937 4286 151155515151511,
957 4219 1087 4274 redditae.
1116 4222 1170 4273 624
1189 4220 1269 4274 celeri
1285 4222 1379 4291 produ

202 4297 268 4346 euno
285 4296 487 4428 iioegieilauti
505 4358 578 4413 Trin.
594 4366 672 4414 asur.

293 4432 320 4500 8)
340 4429 374 4483 cf.
394 4430 480 4484 etiam
501 4430 652 4484 Buecheler
672 4430 691 4485 1.
706 4446 730 4485 5.
745 4436 788 4486 92.
