3034 4825
401 240 443 295 De
463 255 589 296 sermone
607 239 731 310 pedestri
749 239 884 295 Italorum
901 240 1100 297 vetustissimo.
1270 242 1335 307 517

163 412 303 473 illustret.
341 412 414 486 293,
426 412 468 472 30
478 413 536 471 6666
545 408 639 489 qinod
647 415 755 470 rectnnn
763 412 874 485 fuctnnn
884 412 1033 484 essenolet.
1058 411 1098 470 ib.
1110 411 1160 470 65.
1173 413 1335 472 6113.-

161 501 210 561 Ita
237 500 400 562 verisimile
429 502 475 559 666
504 501 640 577 308,10
669 519 706 559 ex
727 500 844 577 graecis
866 500 966 560 666666
989 502 1071 559 66666
1093 500 1236 560 restituta
1256 520 1335 561 esse:

160 592 249 651 66666
267 592 340 664 fucit
346 633 465 649 ......
473 607 520 651 cos
537 609 567 650 se
585 608 619 650 en
637 595 755 650 senatus
773 591 900 650 consulto
918 591 1017 650 domos
1037 591 1172 650 dimissos
1189 591 1259 649 nette
1277 582 1335 671 (la-

161 680 243 740 tinae
262 679 363 739 autem
381 679 458 757 legis
476 679 596 739 initium
615 679 748 739 deletum
767 671 838 761 666).

595 832 629 902 d)
654 829 782 889 0666616
800 830 898 887 66661.

251 950 327 1023 293,
348 949 389 1008 66
418 949 500 1023 upnd
523 950 622 1023 forum
640 947 760 1021 putum,
785 948 838 1006 666
861 948 896 1007 de
912 949 1005 1021 pinno
1028 952 1103 1008 recte
1125 950 1180 1023 leqi
1195 949 1335 1023 poscitur.

158 1035 234 1098 0666
263 1038 305 1097 de
327 1057 355 1097 a.
378 1038 751 1111 615466666666666666
772 1038 914 1111 possitne
955 1056 997 1098 or
1015 1036 1044 1114 Ι,
1064 1039 1105 1098 23
1131 1040 1163 1097 666
1188 1040 1336 1111 nequitum

160 1129 347 1202 enunanuri.
380 1125 498 1187 Coelius
513 1125 641 1203 Antipat
642 1145 715 1202 erp.
728 1129 745 1185 1
763 1143 828 1184 enin
841 1128 906 1185 inre
919 1170 1015 1184 .....
1027 1127 1131 1186 bellun
1142 1130 1206 1202 neri
1218 1131 1273 1202 pot
1272 1145 1335 1186 ero

159 1221 215 1277 666.
253 1214 396 1275 Claudius
414 1215 630 1294 Quadrigarius
653 1215 690 1275 fr.
706 1217 747 1274 33
769 1233 834 1274 enm
851 1232 910 1274 non
927 1219 1063 1289 poscetur
1081 1217 1202 1276 decerni.
1241 1216 1333 1275 6647

161 1308 232 1366 adeo
250 1308 408 1365 memorari
425 1308 475 1365 nin
486 1310 626 1380 potestur.
643 1335 681 1347 -
697 1302 812 1363 Dubito
830 1323 902 1363 uum
921 1304 979 1365 huo
998 1304 1070 1362 mihi
1086 1305 1273 1365 referendum
1293 1306 1334 1365 sit
1406 1320 1409 1324 ’

159 1395 222 1454 tab.
240 1395 285 1472 13.
301 1394 408 1455 ΙΙΑ4
432 1396 493 1468 tetn
509 1413 587 1470 pune
609 1396 676 1469 66666
700 1398 787 1453 666666.
833 1391 979 1453 Omnibus
1003 1393 1050 1453 his
1075 1394 1147 1454 locis
1171 1394 1332 1454 secuudum

157 1483 312 1560 passivum
341 1485 510 1560 proximum
538 1485 645 1543 talium
668 1482 829 1544 verborum
852 1483 1007 1559 passivum
1030 1482 1167 1543 adhiberi
1189 1479 1337 1560 6661666666,

159 1592 235 1650 quae
254 1572 330 1632 alias
349 1591 385 1632 eo
403 1592 463 1633 non
482 1572 568 1650 fungi
587 1573 692 1633 solent.
724 1570 828 1649 Atque
847 1571 891 1631 ita
905 1575 1089 1632 structuram
1102 1573 1253 1649 passivam
1267 1591 1332 1632 666·

58 1695 62 1700 -
157 1663 264 1722 borum
291 1662 471 1738 desinere,
493 1663 658 1739 coepisse
686 1660 918 1738 intellegendam
943 1680 1023 1738 esse,
1047 1662 1106 1721 iam
1131 1662 1246 1722 Ziemer
1270 1662 1289 1721 l.
1308 1681 1332 1723 c.

156 1772 184 1827 p.
207 1753 247 1813 86
276 1753 425 1827 cognovit.
473 1750 614 1811 Ceterum
642 1754 801 1828 poetarum
827 1750 993 1826 priscorum
1025 1752 1162 1827 exempla
1188 1752 1334 1812 nonnulla

158 1841 293 1900 inuenies
313 1841 393 1917 apud
412 1840 547 1918 Draeger
564 1840 669 1901 histor.
690 1839 805 1917 Syutax
824 1840 877 1899 der
895 1841 949 1899 lat.
968 1839 1128 1916 SpracheI
1146 1861 1174 1916 p
1190 1843 1263 1901 140.

247 1929 383 2005 Denique
402 1929 438 1990 de
457 1925 570 2006 duplici
584 1927 818 2006 comparativo
810 1948 842 1987 66
856 1929 1019 1990 enuntiatis
1033 1931 1243 2006 comparativis
1257 1929 1331 1988 mihi

155 2018 305 2095 agendum
320 2021 375 2096 666,
395 2038 482 2096 quem
502 2017 719 2079 Ciceronist
671 2022 754 2078 aetat
755 2018 977 2095 efrequentem
996 2036 1062 2078 6666
1081 2021 1207 2079 6666666.
1245 2019 1331 2078 Η666

155 2127 244 2168 usum
264 2109 384 2184 optime,
404 2113 439 2168 ut
457 2110 504 2168 666
521 2108 686 2184 6116666666,
705 2108 853 2167 Ziemerl.
869 2124 894 2167 6
912 2127 940 2184 p.
956 2110 997 2168 67
1016 2109 1152 2183 explieat.
1189 2109 1232 2168 At
1250 2126 1329 2168 erra·

158 2198 212 2273 666,
231 2198 310 2274 quod
329 2197 491 2257 disserens:
510 2198 649 2258 6666666666
666 2198 721 2256 dns
739 2197 797 2256 ulte
814 2196 921 2256 Lntein
939 2214 993 2256 uon
1012 2198 1125 2256 soletum
1149 2198 1331 2272 Verqleictucn

156 2287 250 2346 niente
272 2287 410 2360 weiss-
434 2285 605 2346 Ciceronem
628 2286 757 2361 primum
781 2304 944 2363 usurpasse
962 2287 1125 2348 6666666666.
1131 2278 1157 2365 ¹)
1197 2286 1329 2346 Ostende

156 2375 236 2435 euim
256 2394 311 2455 636
326 2373 383 2453 066
369 2375 449 2436 66666
469 2377 543 2436 orat.
557 2375 594 2455 X,
610 2378 643 2435 2
662 2392 739 2450 qnnn
741 2378 823 2449 toqne
840 2393 926 2435 snum
943 2378 1034 2435 nitunt
1051 2378 1228 2450 asperiorem
1247 2380 1331 2450 ntqne

158 2467 328 2546 ampliorem
346 2470 432 2540 utque
450 2468 641 2540 antiquiorem
659 2467 792 2525 nninnm
805 2466 941 2525 inducent
959 2482 1018 2524 6666
1036 2483 1125 2539 qnam
1142 2467 1329 2525 innoniorein

268 2665 314 2723 11.
346 2668 395 2723 De
418 2665 666 2738 adaequatione
690 2666 740 2722 rei
764 2666 968 2732 (structurae
992 2665 1222 2729 adsensum).

243 2787 286 2848 Ut
307 2788 370 2847 illic
392 2785 540 2848 affinitate
566 2788 697 2865 quadam
719 2788 846 2846 duarum
872 2788 1037 2848 formarum
1061 2788 1104 2846 ita
1122 2788 1171 2846 hic
1191 2787 1328 2845 similitu-

156 2877 223 2937 diue
242 2876 371 2953 quadam
388 2876 543 2935 notionum
562 2876 739 2952 adaequatio
759 2876 920 2951 perficitur.
953 2874 1035 2944 Quae
1050 2876 1126 2934 duae
1140 2876 1273 2934 rationes
1293 2895 1329 2935 66

155 2966 247 3025 animi
264 2968 375 3024 natura
393 2968 541 3024 66666666.
577 2963 787 3040 Quaecumque
805 2964 837 3024 iu
856 2965 954 3024 auimo
973 2964 1100 3023 hominis
1123 2963 1181 3022 sibi
1195 2964 1329 3040 proxima

157 3059 237 3130 sunt,
256 3054 359 3113 cadem
377 3053 408 3112 iu
428 3071 571 3113 sermone.
603 3052 633 3111 si
653 3053 749 3112 altera
767 3052 849 3113 notio
868 3054 899 3112 in
917 3054 1045 3113 alteram
1063 3053 1214 3113 notionem
1233 3056 1328 3113 66666-

154 3144 206 3221 666,
223 3142 270 3202 6116
288 3143 378 3203 etiam
397 3143 494 3202 forma
512 3142 602 3202 huius
621 3141 792 3218 accipienda
811 3144 864 3202 est.
903 3141 951 3201 Sic
973 3142 1110 3218 quamvis
1129 3161 1196 3201 cum
1215 3143 1328 3202 formae
1377 3186 1379 3190 -

155 3233 262 3293 damno
280 3235 383 3292 tamen
400 3249 449 3291 res
469 3235 679 3308 exaequantur.
717 3231 762 3291 Ac
780 3233 893 3308 quanto
910 3232 1023 3291 6666666
1042 3233 1072 3292 66
1091 3235 1195 3293 auctor
1214 3232 1251 3290 ad
1272 3233 1327 3292 has

153 3322 360 3399 exprimendas
392 3320 514 3396 nititur,
553 3324 638 3381 tanto
669 3320 782 3405 plures
804 3324 971 3381 structuras
1003 3321 1042 3380 ad
1074 3339 1195 3380 sensum
1227 3321 1328 3381 efficit.

153 3411 282 3471 Maxime
300 3414 401 3470 sutem
420 3411 499 3485 apud
516 3409 638 3487 priscos,
656 3410 706 3486 qui
722 3428 840 3470 omnem
856 3410 970 3469 formae
984 3409 1215 3485 discrepantiam
1231 3410 1327 3470 vitare

153 3501 284 3562 noudum
303 3498 521 3576 consueverint,
540 3499 595 3559 hoc
614 3499 745 3558 studium
765 3499 940 3574 praevalere
954 3500 1014 3558 iam
1029 3500 1084 3560 hac
1099 3499 1328 3575 quaestiuncula

155 3590 391 3648 demonstratum
406 3606 472 3648 esse
486 3592 598 3664 put-em.
626 3587 705 3646 Nam
718 3587 764 3646 illi
778 3588 893 3646 nullam
907 3590 982 3649 artis
996 3587 1211 3664 grammaticae
1226 3589 1327 3663 legem

155 3677 250 3737 secuti
268 3678 342 3736 nihil
361 3676 545 3737 contendunt
567 3696 602 3737 ac
621 3676 768 3751 laborant,
786 3677 845 3736 uisi
858 3681 894 3737 ut
907 3697 971 3737 6666
985 3677 1167 3754 6636666666,
1188 3676 1261 3736 haec
1280 3679 1326 3736 est

152 3767 214 3826 illis
232 3784 369 3841 suprema
387 3767 438 3826 len.

595 3942 598 3947 Α
647 3885 679 3955 a)
703 3881 837 3938 Numeri.

244 3998 288 4058 Ac
307 3997 437 4072 primum
451 3997 569 4075 quidem
584 3997 730 4070 notiorem
744 3998 830 4056 illum
846 3998 962 4058 dicendi
976 4016 1063 4058 usum
1079 3999 1325 4080 contemplemur,

153 4107 220 4148 cum
246 4087 413 4147 subiectum
443 4086 631 4146 collectivum
661 4088 701 4147 sit
728 4087 813 4147 verbi
842 4087 968 4164 pluralis
993 4087 1155 4148 adhibendi
1183 4091 1324 4165 310,10

155 4229 366 4237 ,μ’--

243 4311 269 4379 1)
288 4309 414 4379 atquae
433 4309 562 4379 disputat
574 4309 701 4365 Wolfflin
720 4310 739 4365 l
755 4329 816 4381 cp
818 4316 873 4367 ,11
893 4312 1017 4367 obschcn
1035 4311 1112 4366 diese
1127 4311 1324 4368 construction

153 4379 238 4435 kanm
260 4398 310 4436 vor
329 4328 425 4438 066666
447 4382 504 4436 und
523 4383 611 4437 Varro
634 4380 669 4438 de
693 4381 825 4451 16636
782 4330 832 4439 lat.
849 4388 890 4449 10,
905 4389 938 4437 te
961 4383 1088 4456 diliqent'
1079 4400 1122 4439 ins
1144 4401 1238 4453 66666
1245 4401 1324 4452 oper·

154 4453 211 4509 tine
228 4452 437 4509 nachauweiseu
456 4452 515 4508 sein
534 4451 611 4510 wird.
