3034 4825
27 4454 34 4497 1

378 248 420 306 De
440 264 568 306 sermone
587 245 712 317 pedestri
729 243 866 303 Italorum
884 242 1082 300 vetustissimo.
1252 242 1320 306 495

143 427 215 500 312,
230 426 282 499 30,
298 419 353 497 56,
381 419 565 498 saepissime.
587 449 625 459 —-
646 418 806 493 oportuerit
825 416 1011 490 oportebitoc:
1035 416 1109 491 292,
1123 415 1152 474 8.
1180 415 1253 489 295,
1269 415 1320 473 78.

140 518 229 589 focio
245 515 379 587 feceritve
399 511 473 587 295,
489 511 540 570 64.
570 509 647 570 cibet
665 509 771 567 dicerit
790 507 864 583 312,
880 506 930 565 74.
963 505 1021 578 fuit
1038 505 1160 578 fueritve
1180 504 1253 579 293,
1269 504 1320 564 73.

142 605 179 665 51.
196 604 274 678 295,
296 605 351 674 15,
367 602 418 677 16,
434 600 489 677 23,
506 600 561 676 32,
578 599 628 658 75.
669 598 737 672 fecit
754 597 855 670 fecerit
880 595 958 668 312,
975 594 1231 672 110,112,113,
1248 594 1321 663 114,

146 690 488 767 116,117,121,122.
527 691 567 748 est
586 688 639 746 erit
656 687 716 760 soit
732 685 823 759 fuerit
843 684 916 761 312,
932 684 1004 742 113.
1047 687 1119 743 esset
1135 683 1238 756 fuisset
1257 683 1319 741 311

143 780 177 840 Π
192 781 242 842 15.
276 776 767 855 1551571542215155555555
780 773 892 833 555555.
923 771 964 833 id.
980 773 1030 831 24.
1045 771 1089 829 Vl
1104 771 1129 829 Β
1146 773 1174 847 7,
1194 770 1322 847 saepius.

142 869 208 930 Iam
231 888 302 931 vero
325 868 404 927 idem
427 866 553 929 verbum
576 863 725 941 repetitur
744 862 788 921 Vl
806 862 886 922 1364
910 865 1050 922 surororst
1072 862 1183 929 deito,
1210 861 1324 920 etciorcs

142 960 259 1020 detto.
373 1030 381 1040 ·
577 1036 586 1046 ·

456 1061 494 1124 V.
526 1060 755 1121 Particulam
780 1057 994 1137 negativam

145 1191 188 1252 sic
206 1189 390 1268 geminatam
409 1187 528 1249 invenio
548 1184 622 1246 Cato
642 1185 679 1245 de
694 1204 719 1245 a.
735 1203 759 1247 c.
776 1186 816 1244 66
837 1201 907 1244 ooso
926 1183 1031 1243 515555
1049 1199 1140 1257 oeque
1156 1183 1266 1242 5551515
1284 1183 1324 1241 oct
1360 1211 1363 1216 ·

145 1282 238 1341 oleum
255 1297 292 1339 ree
308 1282 418 1338 otetur.
457 1276 493 1336 cf.
512 1275 608 1335 Varro
628 1277 684 1335 sat.
704 1274 746 1334 45
766 1268 898 1348 τρόπων
921 1267 1062 1346 τρόπου(
1086 1274 1136 1346 poi
1158 1272 1217 1331 rto
1240 1273 1323 1330 ruodo

144 1370 294 1444 ipocrdsse
316 1385 362 1427 roe
382 1364 499 1427 0155551
523 1366 573 1424 5551
597 1366 713 1424 omniuo
738 1366 833 1422 cerinis
856 1362 959 1421 heroos
983 1366 1086 1437 nepot
1102 1364 1261 1421 nescisse
1279 1389 1323 1401 -

144 1478 246 1519 rerum
265 1456 447 1517 rusticarum
467 1454 605 1531 exempla
623 1452 747 1528 collegit
764 1451 880 1511 H.Keil
899 1451 1105 1510 commentarii
1119 1471 1148 1527 p.
1160 1440 1239 1530 213)
1271 1450 1323 1526 qui

145 1547 262 1608 dicendi
281 1564 353 1606 usus
372 1547 557 1623 quantopere
576 1561 611 1602 er
635 1544 744 1601 natura
758 1540 894 1617 vulgaris
910 1540 1055 1600 sermonis
1070 1540 1117 1617 511,
1137 1540 1252 1597 Ziemer
1265 1540 1285 1598 l.
1299 1556 1324 1598 5.

144 1657 175 1713 p.
192 1638 256 1696 140
266 1654 310 1712 sq.
336 1653 404 1694 cum
430 1634 559 1693 aliarum
585 1632 759 1707 linguarum
785 1632 851 1688 tum
879 1630 1037 1705 poetarum
1062 1629 1227 1689 latinorum
1248 1627 1325 1704 pris·
1399 1703 1403 1709 ἡ

148 1743 254 1784 cerum
274 1724 418 1800 exemplis
437 1722 554 1784 collatis
573 1721 686 1799 optime
705 1719 883 1781 enucleavit.

629 2001 843 2013 ...με-...υ-

643 2231 758 2319 tlaput
780 2230 834 2302 11.

596 2396 880 2468 Asyndeton.

240 2526 285 2587 llx
303 2527 395 2589 simili
418 2528 510 2589 animi
533 2528 664 2589 motione
683 2526 852 2605 affectuque
872 2545 930 2603 quo
954 2524 1041 2603 copia
1058 2525 1218 2585 verborum
1237 2544 1324 2603 asyn-

151 2617 242 2676 deton
261 2617 365 2678 oritur.
402 2617 442 2678 ut
461 2618 644 2696 cogitatione
664 2620 695 2677 et
713 2616 957 2693 pronuntiatione
976 2614 1101 2675 55155155
1115 2615 1326 2691 progrediente

149 2705 243 2766 verba
266 2706 344 2766 inter
368 2726 400 2767 se
424 2707 543 2768 vinculo
569 2725 658 2784 egere
682 2724 756 2782 opus
782 2710 841 2774 est,
865 2705 902 2767 cf.
922 2705 1037 2765 Ziemer
1055 2706 1074 2763 1.
1090 2723 1113 2765 e.
1129 2705 1180 2765 51.
1225 2703 1326 2781 Atque

150 2795 231 2870 apud
250 2798 387 2856 auctores
412 2796 552 2872 antiquos
578 2795 614 2854 de
639 2795 692 2853 illo
711 2814 821 2872 genere
840 2794 904 2870 agi,
931 2794 1011 2870 quod
1036 2793 1146 2853 dicitur
1169 2813 1325 2853 enumera-

151 2884 247 2943 tivum
268 2885 331 2946 sive
351 2885 570 2960 copulativum,
588 2883 649 2941 iem
668 2882 806 2959 Norden,
823 2883 912 2941 index
929 2881 1092 2942 leetionum
1110 2883 1218 2958 gryph.
1236 2884 1321 2942 1897

148 2992 177 3047 p.
194 2974 234 3031 29
254 2972 419 3049 adnotavit,
433 2971 485 3046 qui
503 2988 571 3028 cum
589 2971 620 3027 in
639 2987 795 3028 commune
815 2970 852 3028 de
870 2970 927 3029 hoc
944 2987 1054 3045 genere
1074 2969 1191 3028 dicendi
1204 2972 1268 3029 tum
1289 2971 1325 3029 de

149 3058 277 3118 historia
296 3058 360 3119 5155
378 3058 423 3117 ita
441 3056 591 3131 disseruit,
610 3058 645 3115 ut
663 3056 771 3116 melius
791 3055 905 3135 aliquid
924 3057 1022 3116 dicere
1040 3057 1114 3115 mibi
1134 3058 1256 3117 difficile
1275 3059 1323 3120 sit.

149 3148 265 3211 Idcirco
279 3146 353 3206 mihi
366 3146 487 3224 quidem
506 3149 610 3224 restat,
629 3148 664 3206 ut
678 3147 823 3226 exempla,
837 3165 914 3225 quae
929 3147 1075 3207 sermonis
1090 3148 1182 3229 prisci
1196 3148 1326 3224 plurima

150 3237 314 3297 habeamus
337 3236 504 3297 rationibus
523 3235 703 3314 quibusdam
725 3235 918 3314 distinguam.
961 3236 1125 3297 Videamus
1149 3237 1244 3313 igitur
1266 3239 1326 3314 pri·

152 3347 233 3387 mum
260 3326 540 3388 dissolutionem
560 3325 792 3386 bimembrem

608 3504 633 3569 I.
665 3503 866 3566 Nominum.

240 3631 275 3692 In
294 3632 472 3710 quibusdem
492 3629 612 3692 usitatis
630 3631 768 3693 formulis
786 3650 846 3692 non
865 3632 961 3692 solum
975 3651 994 3691 a
1006 3631 1179 3711 primordiis
1197 3631 1321 3709 linguae

121 3800 126 3805 ⁹
151 3720 264 3782 latinae
282 3721 447 3782 adhibitam
466 3720 518 3782 sed
542 3721 632 3782 etiarn
651 3721 871 3799 posterioribus
894 3723 1080 3799 temporibus
1099 3723 1177 3781 hano
1195 3720 1325 3798 figuram

153 3811 303 3871 serratam
316 3810 492 3873 invenimus.
525 3809 570 3869 Ao
588 3814 709 3889 praesto
724 3811 845 3890 quidem
860 3814 906 3872 est
925 3814 959 3872 ut
976 3811 1100 3891 linguae
1114 3810 1227 3870 latinae
1246 3829 1323 3870 sem·

153 3919 208 3978 per
225 3899 258 3958 in
276 3899 448 3961 consulibus
465 3900 664 3978 nominandis,
682 3901 726 3960 ita
743 3902 823 3979 apud
839 3899 931 3962 Oscos
950 3900 982 3960 in
999 3900 1189 3978 praetoribus
1209 3903 1240 3960 et
1258 3919 1324 3960 cen·

154 3988 286 4050 acribus:
304 3988 354 4048 lex
372 4007 441 4050 esca
458 3988 520 4050 tab.
535 3990 623 4050 Bant.
641 4009 668 4052 v.
685 3992 726 4051 28
740 4009 790 4065 pr.
806 3994 929 4052 censitor.
950 4022 988 4034 -
1009 3989 1122 4050 Eodem
1141 3989 1230 4051 modo
1250 3992 1325 4068 295,

154 4080 205 4153 33,
222 4079 262 4138 35
282 4078 408 4139 consulis
419 4083 579 4154 praetores.
601 4111 638 4121 -
659 4079 767 4158 Itaque
785 4098 845 4140 uno
863 4081 942 4158 loco,
966 4098 1025 4158 quo
1048 4079 1080 4139 15
1103 4079 1238 4141 55511555
1256 4099 1325 4140 eon·

153 4170 237 4228 texta
260 4168 385 4246 antiqua
407 4167 646 4229 coniunctionem
669 4172 704 4229 et
726 4169 808 4247 lego:
836 4171 944 4245 308,1
968 4189 1030 4231 555
1050 4173 1130 4231 55515
1157 4189 1194 4230 ex
1216 4188 1325 4246 graeca

154 4257 290 4318 versione
309 4250 436 4339 (latinae
455 4259 556 4318 autem
574 4259 672 4334 prima
693 4277 764 4336 pars
783 4260 882 4320 deleta
901 4251 962 4342 551)
981 4258 1154 4321 restitutam
1173 4277 1238 4321 esse
1256 4277 1324 4335 per·

154 4373 365 4388 Μ

244 4446 272 4517 1)
285 4445 320 4502 51.
335 4445 429 4503 Plauti
439 4446 538 4504 Pseud.
553 4451 642 4504 5136
655 4463 740 4519 segue
752 4448 974 4521 5551555555ρί5
987 4451 1081 4508 551555
1093 4462 1243 4519 rumorum
1255 4446 1324 4503 eidi.
