3034 4825
391 250 433 306 Ds
452 265 580 306 sermone
597 247 721 320 pedestri
738 247 875 305 Italorum
894 244 1093 304 vetustissimo.
1262 246 1327 311 509

150 423 243 497 pade,
265 420 338 495 plus
360 421 503 480 sidebant.
549 419 586 480 cl.
605 417 700 478 Varro
724 438 747 479 r.
769 439 793 478 r.
811 416 828 477 Ι
847 420 875 493 2,
896 419 936 479 25
966 434 1144 478 cucumerem
1167 418 1329 490 anacteum

151 512 264 572 condito
281 512 314 570 ee
332 528 440 584 aquam
459 526 578 583 eamque
594 509 742 583 infrendite
761 526 819 582 qua
838 508 924 574 coles,
941 509 1018 568 nulli
1035 508 1174 567 accedent.
1264 550 1266 552 -

241 597 340 675 Scipio
364 599 523 659 Afncanus
551 598 649 658 minor
675 617 704 674 p.
726 599 790 658 184
815 614 869 658 aas
890 600 936 658 cie
959 596 1137 672 (defendere)
1160 597 1329 670 nequitiam,

153 706 207 764 ape
224 689 370 749 maleam
387 689 490 748 saltem
507 688 654 760 defendas.

242 774 350 836 Omnia
366 795 438 837 varo
457 779 580 854 superat
594 774 669 836 Cato
687 775 724 836 de
742 795 770 836 a.
789 794 813 837 c.
829 778 915 860 34,2
935 793 1005 851 oper
1022 777 1190 835 rammasses
1208 778 1326 834 cttcrra

148 867 248 942 padio,
271 868 431 934 molatae,
453 867 586 933 rudecto,
610 866 860 933 laureacensem
883 883 957 940 quae
980 881 1092 939 aquoso
1115 882 1175 924 aaa
1197 866 1266 941 erit,
1289 865 1330 923 ibt

155 957 289 1030 lrepiuum
311 957 416 1016 bonam
438 957 496 1029 fiet.
518 986 563 997 -
585 953 643 1014 Hic
667 973 728 1013 nou
750 956 847 1016 solum
871 954 1021 1030 particula
1038 954 1100 1013 ubi
1119 946 1182 1035 (vel
1200 953 1329 1013 relativo

153 1036 230 1128 qui)
254 1046 306 1105 sed
333 1044 426 1105 etiam
448 1045 541 1106 verbo
560 1043 729 1121 deficiente,
752 1045 842 1104 nimis
860 1044 1002 1105 libertate
1020 1043 1075 1104 illa
1092 1046 1198 1102 auctor
1215 1042 1328 1102 abusus

151 1135 226 1194 mihi
249 1134 377 1195 videtur.
415 1133 481 1193 Illis
505 1140 606 1192 autem
629 1132 715 1205 locis,
739 1133 878 1209 concedo,
900 1134 974 1194 haec
993 1133 1123 1209 abrupta
1140 1132 1288 1208 brevitas,
1312 1149 1328 1189 e

153 1224 267 1283 maiore
277 1223 368 1282 animi
377 1223 576 1283 concitatione
586 1225 681 1298 parta,
695 1222 951 1283 absolutissimam
961 1222 1121 1299 quamdam
1130 1220 1223 1281 efficit
1231 1220 1329 1296 gravi·

152 1315 257 1372 tatem.
307 1311 407 1389 Atque
435 1312 484 1370 hic
511 1312 632 1388 praesto
660 1313 707 1370 est
735 1309 809 1380 Cato
837 1311 889 1371 ille
915 1330 982 1371 non
1001 1311 1100 1371 minus
1128 1310 1327 1372 severissimis

153 1401 287 1461 moribus
305 1420 396 1478 quam
414 1400 595 1464 solidissimo
613 1419 649 1460 ac
667 1400 755 1477 qnasi
773 1419 880 1478 aspero
899 1419 1044 1461 sermone.

241 1489 298 1549 His
322 1488 554 1566 simplicioribus
578 1489 810 1550 coordinationis
831 1490 992 1567 gonoribus
1010 1489 1149 1550 tractatis
1167 1487 1206 1548 ad
1225 1488 1330 1548 diffici-

152 1580 230 1640 liora
253 1579 386 1639 animum
409 1579 607 1640 intendamus.
644 1579 691 1642 Ex
713 1580 816 1639 eodem
838 1583 940 1639 autem
958 1580 1041 1640 fonte
1060 1597 1118 1656 quo
1136 1578 1191 1637 illa
1208 1595 1328 1636 accura-

153 1669 214 1729 tior
232 1668 394 1729 verborum
413 1668 608 1745 abundantia,
627 1667 664 1727 de
683 1687 744 1745 qna
761 1667 794 1727 in
812 1669 909 1745 capite
923 1668 939 1728 I
953 1670 1011 1745 egi,
1028 1667 1196 1728 sententiae
1209 1685 1327 1727 coacer-

154 1759 244 1817 vatae
266 1761 404 1832 manant,
431 1775 507 1833 quas
530 1760 628 1817 totum
651 1758 811 1818 verborum
834 1757 982 1818 ambitum
1006 1758 1248 1833 complectantur.
1286 1755 1329 1814 Ut

156 1847 219 1907 illic
236 1846 268 1906 in
285 1846 370 1923 copia
388 1846 548 1908 verborum
567 1846 700 1906 studium
718 1866 808 1924 qaam
823 1846 969 1907 maximae
982 1846 1206 1923 perspicuitatis
1221 1863 1329 1922 cogno·

157 1935 259 2009 scitur,
278 1936 323 1995 ita
341 1935 389 1995 hic
409 1936 468 1995 alia
485 1935 577 1995 aliam
596 1935 832 1996 enuntiationem
851 1938 970 2012 premit,
988 1938 1023 1995 nt
1040 1935 1171 2012 priorem
1190 1934 1326 2010 explicet,

153 2027 189 2083 ut
212 2025 358 2102 corrigat,
386 2028 422 2085 ut
444 2024 622 2086 moderetur.
663 2024 741 2084 Nam
764 2024 864 2085 totum
888 2024 1077 2086 enuntiatum
1100 2024 1260 2101 aliquando
1283 2024 1328 2081 in-

154 2115 303 2192 venimus,
330 2113 410 2190 qued
438 2132 475 2173 ex
501 2117 612 2174 natura
638 2115 760 2174 adultae
787 2114 910 2193 linguae
936 2113 1050 2174 latinae
1078 2131 1201 2189 prorsus
1227 2130 1329 2189 saper-

154 2221 282 2263 vacuum
306 2206 365 2263 est:
399 2204 461 2262 291
488 2202 608 2263 Vaccae
628 2204 699 2263 boec
720 2221 808 2277 qaae
829 2205 930 2277 infra
952 2205 1088 2278 scripto
1111 2207 1192 2263 saal
1207 2245 1328 2262 ......

157 2293 293 2366 facienda
316 2293 444 2351 cotracit
490 2291 527 2351 cf.
552 2292 617 2351 tab.
635 2291 738 2368 1le
752 2293 781 2352 A
796 2295 836 2353 16
859 2294 973 2354 bondo
995 2298 1052 2353 esto
1076 2294 1184 2368 tedere,
1205 2293 1329 2365 persei

154 2383 267 2442 sabra
293 2381 469 2442 scrctbtor
494 2385 578 2443 seat.
625 2382 733 2456 293st
756 2386 826 2456 post
847 2382 873 2444 lc.
896 2382 1051 2457 Septanbr.
1070 2398 1157 2456 qaae
1179 2397 1215 2441 eo
1238 2397 1329 2441 aneo

154 2473 296 2546 fuerint
313 2502 356 2512 —
373 2489 502 2547 quaerum
529 2471 593 2532 loco
622 2473 684 2531 aas
711 2474 785 2531 anas·
808 2472 882 2533 satis
905 2471 1022 2532 fuisset.
1068 2473 1110 2530 At
1132 2473 1229 2530 totum
1252 2469 1329 2529 illud

157 2560 347 2621 enuntiatum
370 2562 431 2621 vim
449 2560 605 2637 auget-id
623 2559 703 2637 quod
721 2564 827 2620 auctor
843 2559 1023 2621 intenderat
1059 2557 1239 2636 Calpurnius
1259 2558 1329 2619 Piso

154 2649 191 2710 fr.
208 2651 249 2711 36
273 2652 376 2724 occepit
396 2650 544 2710 saeculam
567 2650 613 2710 bis
636 2651 802 2711 censalem
824 2651 1060 2725 estproximo*
1082 2654 1171 2710 suet.
1207 2648 1269 2709 tab.
1282 2648 1329 2724 lg.

155 2737 200 2798 VI
213 2739 242 2798 A
262 2741 282 2799 5
308 2741 382 2800 serat
399 2741 480 2814 pirri
502 2743 608 2808 smum,
629 2742 683 2813 pot
706 2741 796 2815 capla
817 2742 945 2800 asmicto
968 2744 1023 2808 est,
1047 2757 1108 2799 erse
1124 2741 1191 2814 aeip
1209 2742 1330 2811 mcpota

154 2846 210 2902 nep
234 2830 628 2896 arcesseremusne
651 2833 791 2896 coactam,
817 2831 903 2903 peret
928 2831 1017 2903 capla
1035 2830 1182 2888 annotato
1199 2829 1268 2887 icet.
1287 2857 1328 2867 -
1363 2838 1365 2841 ’

159 2917 199 2975 At
223 2919 336 2993 quanta
353 2916 499 2977 crebritas
518 2916 749 2993 sententiarum,
778 2921 864 2977 tanta
881 2920 1044 2992 paupertas
1063 2915 1217 2976 sermonis.
1253 2914 1330 2973 Nam

157 3004 397 3064 enuntiationum
421 3005 665 3065 secundariarum
688 3006 752 3064 fere
774 3005 850 3064 nihil
868 3005 951 3065 alind
969 3006 1071 3082 legum
1089 3021 1225 3065 sermone
1242 3022 1330 3062 usur·

155 3096 247 3171 patnr
269 3093 328 3154 nisi
351 3096 405 3153 aut
427 3093 572 3154 relativae
595 3096 649 3153 aut
672 3093 903 3172 condicionales,
925 3113 993 3155 cum
1011 3113 1097 3161 rarae
1116 3093 1177 3153 sint
1194 3091 1330 3153 coniunc-

155 3184 252 3244 tiones
269 3183 450 3260 temporales
468 3182 528 3244 nbi
546 3183 596 3245 vol
613 3185 806 3260 postquam
823 3184 871 3244 vel
890 3203 981 3262 cum,
999 3202 1068 3244 cnm
1085 3201 1173 3243 rarae
1188 3182 1249 3242 sint
1262 3200 1329 3241 cou-

156 3273 336 3333 structiones
363 3272 581 3351 participales,
608 3275 643 3332 at
665 3273 725 3333 iam
748 3273 887 3336 vidimus.
931 3272 1007 3333 Illae
1030 3274 1114 3349 ipsae
1137 3275 1238 3332 autem
1262 3289 1329 3330 eum

155 3362 249 3423 nimia
271 3362 409 3423 ubertate
431 3365 595 3439 usurpatae
618 3363 801 3441 gravitatem
823 3363 908 3423 illam
932 3363 1153 3439 duntatemque
1172 3360 1328 3437 effingunt,

156 3470 233 3529 quae
255 3452 287 3511 in
309 3451 426 3530 legibus
449 3450 612 3511 maioribus
635 3452 766 3528 primam
788 3453 903 3529 legenti
925 3471 984 3511 non
1004 3469 1116 3529 parvas
1135 3449 1329 3509 difficultates

156 3541 308 3615 praebent.
345 3539 428 3612 Quae
450 3541 554 3618 quales
574 3540 646 3618 sint,
671 3542 722 3617 qui
740 3541 904 3619 creverint,
927 3541 1116 3601 considerare
1135 3557 1244 3616 operae
1262 3556 1329 3614 pre·

157 3628 234 3688 tium
253 3630 300 3690 sit.

246 3717 305 3776 XII
323 3719 384 3779 tab.
400 3718 482 3794 VIII,
498 3721 537 3780 11
561 3721 590 3780 ai
606 3736 663 3780 aec
680 3721 795 3794 fortean
812 3721 897 3794 facit,
918 3722 946 3781 st
961 3723 1004 3782 e'm
1022 3722 1128 3787 occisit,
1146 3720 1211 3779 tare
1229 3735 1330 3777 caesae

157 3811 223 3868 estc.
239 3836 282 3848 -
297 3806 355 3867 Hic
373 3809 537 3869 sententiae
556 3809 774 3870 condicionales
792 3810 855 3868 alia
872 3809 962 3869 aliam
980 3810 1099 3886 excipit,
1118 3827 1185 3869 cum
1199 3807 1329 3883 priorem

156 3895 347 3957 subiunctam
365 3915 430 3956 esse
449 3900 602 3975 appareat.
632 3897 747 3975 Itaque,
766 3901 801 3957 nt
819 3917 911 3976 supra
929 3899 998 3976 dixi,
1017 3900 1184 3974 exspectas:
1205 3899 1255 3971 qui
1272 3914 1330 3956 acc

155 3988 270 4061 fartam
287 3988 387 4061 facet,
405 3989 436 4046 si
452 4029 587 4055 .......
605 3990 669 4047 iare
687 4005 790 4047 coesus
808 3993 874 4050 estc.
904 3987 942 4066 V,
958 3991 976 4050 7
995 3990 1022 4047 si
1039 3989 1170 4061 frcriosas
1188 3988 1264 4053 escit,
1283 3990 1329 4045 ast

157 4080 184 4136 es
206 4078 301 4137 custos
322 4093 374 4136 nec
392 4078 472 4142 eset,
497 4077 656 4151 amatam
671 4121 769 4137 .....
784 4082 915 4152 potestas
933 4082 1041 4137 esto—
1053 4096 1108 4152 pro
1122 4078 1154 4136 si
1172 4078 1198 4136 ei
1216 4078 1266 4150 qui
1282 4077 1329 4148 fa·

156 4165 337 4243 riosasescit,
351 4168 582 4226 cneocaesarea
589 4209 730 4225 .......
755 4161 1326 4244 QuamquamSchoelll.i.'p.110,111

157 4254 227 4315 huic
249 4260 295 4316 ost
312 4255 426 4332 aliquid
443 4254 571 4316 rationis
589 4256 797 4317 adversativae
809 4283 849 4304 ==
860 4252 919 4317 ἐὰν
938 4253 974 4316 δέ
992 4250 1147 4317 inhaerere
1158 4251 1327 4326 'contendit

158 4345 194 4401 nt
217 4344 253 4403 de
275 4344 332 4406 hac
354 4364 387 4404 re
411 4344 559 4420 dubitem,
582 4364 653 4404 nam
677 4347 792 4404 rectum
815 4345 941 4406 videam.
978 4347 1041 4407 tab.
1058 4344 1146 4404 Bant
1166 4360 1225 4404 osc.
1243 4363 1270 4402 v.
1286 4343 1328 4401 23

158 4434 233 4493 educ
255 4435 360 4503 sicam,
379 4436 451 4509 poet
474 4437 558 4496 circis
578 4437 652 4513 fast,
670 4452 731 4510 pac
753 4440 867 4496 anaema
886 4438 956 4511 ptest.
975 4465 1020 4479 -
1039 4432 1188 4495 Hieratis
1207 4430 1326 4490 fuisset:
