3034 4825
176 245 243 310 500
651 244 684 302 0.
699 244 871 317 altenburg:

178 417 292 476 maen
305 414 405 474 Manu
418 415 493 492 ‘cass
505 415 595 475 Macci
612 415 705 484 aeden,
724 415 763 476 cf.
775 415 913 476 libellum
931 415 980 476 cui
997 416 1151 493 inscripsit
1186 416 1265 477 Vom
1284 417 1355 479 Dol-

178 494 348 586 metschen)
365 505 474 582 volgus
492 504 647 564 rarissime
666 506 787 582 singula
810 505 1010 584 subiungendi
1033 506 1150 566 ratione
1169 505 1356 585 distinguere

179 613 240 654 non
254 595 386 672 ignorat.
420 592 514 671 erem
533 612 646 654 morem
671 594 804 655 omnium
823 594 888 655 fere
906 595 1042 671 gentium
1060 594 1092 653 in
1110 594 1251 656 interiore
1269 596 1355 656 cultu

178 686 210 742 et
227 683 416 743 humanitate
435 683 649 743 collocatarum
672 701 739 743 esse
757 701 944 743 communem
968 683 1097 743 maxime
1120 683 1152 743 iu
1170 684 1270 745 verbis
1291 703 1356 744 sen·

177 773 274 833 tiendi
296 775 328 832 et
351 770 469 831 dicendi
487 772 604 832 Ziemer
617 772 637 832 l.
653 791 676 833 c.
690 792 720 850 p.
738 775 802 833 110
822 771 1048 834 demonstravit
1084 772 1163 834 Hinc
1185 773 1219 833 in
1231 773 1355 851 liuguae

177 861 292 921 latinae
310 861 511 921 monumentis
529 862 588 922 etsi
605 880 770 940 numquam
788 881 847 921 non
864 861 939 922 talia
956 862 1084 923 inveniri
1101 864 1236 940 constat,
1254 868 1357 924 tamen

178 950 389 1027 antiquissima
402 953 597 1011 monumenta
609 969 682 1028 prae
697 951 806 1011 ceteris
820 953 979 1029 tantopere
992 951 1040 1011 his
1054 951 1219 1030 abundant,
1233 956 1268 1012 ut
1281 954 1356 1013 hacc

178 1039 245 1116 ipsa
262 1057 312 1099 res
330 1040 459 1099 maximo
478 1040 519 1100 sit
537 1042 715 1101 documento
733 1041 824 1117 prisci
843 1040 948 1117 populi
965 1041 1083 1100 romani
1101 1041 1207 1119 lingua
1219 1059 1280 1102 non
1293 1042 1354 1101 nisi

178 1148 215 1188 ex
236 1129 350 1206 ingenii
377 1133 486 1188 natura
514 1148 549 1189 ac
576 1129 755 1189 necessitate
783 1130 903 1189 exculta
930 1129 1014 1189 illam
1039 1129 1234 1191 acerbitatem
1258 1131 1353 1191 horri-

178 1218 291 1278 diorem
315 1216 598 1294 simplicitatemque
621 1219 855 1295 repraesentari,
879 1237 956 1295 qnae
979 1219 1072 1278 fuerit
1089 1220 1244 1297 potentiae
1263 1223 1354 1297 atque

178 1307 369 1368 auctoritatis
389 1307 482 1383 origo.
519 1306 562 1367 At
580 1308 641 1367 iarn
659 1307 696 1367 de
715 1307 844 1384 singulis
863 1307 1026 1368 videamus.

382 1503 407 1563 L
439 1502 677 1564 Coordinatio
701 1504 929 1582 singularum
951 1504 1149 1564 notionum.

654 1641 686 1711 a)
714 1638 882 1695 Nominum.

269 1755 376 1829 275,5
402 1754 442 1813 ad
458 1756 565 1827 fretum
586 1755 626 1816 ud
643 1759 772 1816 statuam
789 1798 886 1816 .....
903 1759 972 1815 scat
988 1756 1087 1815 medic
1105 1752 1158 1814 OC
1175 1754 1294 1814 XXXI
1312 1786 1350 1797 -

178 1862 305 1919 quorum
327 1844 393 1903 loco
417 1842 522 1920 optimi
546 1846 685 1905 auctores
708 1846 854 1905 dixissent
876 1846 945 1920 freti
962 1844 1012 1906 vel
1029 1861 1104 1918 quoe
1122 1845 1162 1904 cd
1178 1845 1286 1919 fretam
1305 1850 1354 1905 cst.

180 1934 253 2009 293,
268 1933 297 2009 2,
314 1932 354 1991 16
378 1934 512 1993 tricenus
533 1935 594 1993 mit.
612 1935 771 2009 leptouibus
788 1933 843 1993 IV
857 1936 967 2008 primm
989 1935 1090 2006 usqua
1112 1951 1214 1993 aarum
1235 1964 1274 1975 -
1301 1934 1354 1993 ubi

179 2024 349 2098 accuratam
371 2021 455 2081 illam
477 2023 661 2099 pronominis
690 2021 919 2083 demonstrativi
940 2021 1139 2098 postponendi
1162 2022 1353 2098 diligentiam

177 2111 352 2186 reperimus.
389 2110 574 2172 Posteriores
597 2113 676 2172 enim
699 2112 824 2171 dubium
846 2130 906 2171 non
925 2114 972 2172 ast
990 2110 1063 2187 quin
1085 2112 1159 2170 haec
1177 2111 1223 2170 ita
1239 2111 1353 2171 fuerint

179 2198 375 2259 enuntiaturi:
393 2200 538 2274 manum
550 2201 574 2260 I
578 2201 606 2260 V
610 2204 781 2275 primarum
791 2201 905 2275 'aliqua
943 2201 1075 2276 293,14
1094 2218 1165 2275 quos
1179 2201 1287 2275 lupera
1306 2218 1353 2261 eoa

173 2293 292 2364 patrem
324 2290 432 2349 tratum
462 2307 670 2365 capacioraque
699 2292 805 2351 indicet
829 2321 868 2332 -
892 2309 947 2367 pro
976 2308 1083 2350 eorum.
1128 2289 1168 2350 ib.
1194 2292 1227 2350 ιἰι
1254 2291 1355 2350 rotulo

178 2381 211 2439 ιἰι
229 2379 294 2440 albo
312 2380 434 2455 surptus
451 2422 548 2441 .....
566 2379 666 2441 habeto
684 2398 792 2457 -pro
814 2382 847 2441 ιἰι
865 2381 967 2441 totale
984 2381 1061 2440 utta.
1093 2379 1355 2459 ef.312,15‚18.

181 2469 259 2547 293,
275 2470 315 2529 31
345 2472 501 2543 capuaci
525 2472 559 2529 ia
586 2474 665 2530 terro
691 2471 786 2530 Italia
812 2472 844 2528 in
871 2471 1004 2544 oppcdeis
1030 2471 1120 2544 foreis
1142 2469 1354 2528 mediatores

181 2576 292 2635 —pro
311 2559 540 2618 terrceItolicc.
587 2560 661 2632 293,
680 2559 723 2617 44
745 2576 777 2616 aa
798 2559 947 2630 sanarum
969 2575 1025 2631 quo
1049 2558 1114 2630 quis
1135 2574 1208 2617 succ
1230 2558 1352 2617 alterius

178 2648 335 2707 amentiae
352 2648 455 2706 emor
475 2648 527 2718 fiet
541 2677 580 2688 -
596 2646 649 2705 ubi
667 2665 723 2723 ego
737 2644 858 2721 quidem
873 2651 1076 2723 exspectarem
1090 2647 1212 2707 adeius
1229 2664 1354 2706 mmm

179 2738 393 2796 sententiarum
430 2734 625 2812 Adiungaudi
647 2753 737 2796 causa
760 2735 824 2794 sine
847 2734 939 2795 dubio
962 2752 1035 2796 succ
1055 2736 1260 2810 praepositum
1283 2736 1352 2797 fuit.

180 2824 278 2886 Varro
297 2825 317 2884 1.
336 2826 356 2884 l.
369 2823 408 2902 V,
422 2826 463 2886 85
483 2826 516 2885 cn
534 2827 655 2886 comitiis
672 2827 705 2885 ira
721 2826 816 2885 sacris
835 2854 875 2867 -
894 2844 983 2902 quem
1002 2825 1040 2884 ad
1058 2824 1157 2884 locum
1175 2823 1209 2884 L.
1224 2824 1354 2902 Spengel

180 2918 261 2975 recte
280 2914 450 2975 adnotavit:
469 2917 676 2992 exspectamus
693 2917 726 2975 ia
744 2914 813 2987 locis
830 2916 925 2975 sacras
942 2914 992 2976 vel
1008 2915 1042 2974 ia
1060 2916 1173 2974 comitio
1191 2918 1218 2973 et
1234 2916 1267 2974 in
1285 2915 1354 2974 locis

181 3007 284 3064 scoria
317 3002 462 3064 Attamen
481 3004 673 3080 coordinatio‚
690 3022 769 3080 quae
788 3023 824 3063 ex
840 3003 932 3081 prisci
950 3003 1098 3064 sermonis
1114 3005 1225 3063 natura
1238 3006 1355 3064 structa

181 3096 242 3166 cst,
265 3092 457 3152 offensionem
482 3092 598 3153 nullam
615 3094 749 3169 praebet.
786 3095 918 3167 293,60
937 3095 1002 3168 poci
1020 3094 1208 3153 maledicturi
1226 3095 1356 3154 emutio·

181 3199 235 3256 que
253 3183 315 3241 aas
332 3182 454 3241 mutaret
468 3184 553 3255 porti
570 3225 600 3252 .,
616 3227 623 3240 .
639 3227 647 3242 .
662 3228 669 3242 .
683 3185 756 3243 sctis
774 3184 874 3255 secuit
889 3212 928 3224 -
944 3200 998 3258 pro
1018 3183 1138 3242 consilii
1174 3183 1352 3258 61293,ἵὸ

182 3271 235 3329 nbi
253 3287 435 3347 quamquam
454 3270 542 3345 plura
561 3269 661 3330 deleta
679 3274 759 3348 sunt,
778 3273 880 3329 tamen
894 3271 1014 3331 dativus
1033 3271 1164 3330 traditus
1183 3271 1209 3329 et
1228 3272 1259 3330 et
1277 3288 1352 3347 quae

182 3361 350 3437 sequuntur
368 3376 467 3419 corum
484 3361 606 3419 maiorcs'
618 3363 703 3434 parti
720 3360 843 3436 faciunt,
862 3362 897 3419 ut
914 3360 1040 3419 eandem
1058 3360 1242 3420 structuram
1259 3358 1353 3418 fuisse

182 3449 322 3527 suspicer.
353 3449 534 3522 ef.310,15
558 3450 590 3508 id
612 3451 707 3510 oricus
728 3450 818 3524 dtsrf.
840 3446 968 3526 messor]
984 3467 1062 3524 pars
1082 3449 1223 3523 fifettcrcs
1244 3450 1287 3508 sei
1304 3450 1354 3508 ab·

181 3541 290 3600 solvere
311 3539 411 3598 celent.
450 3539 528 3614 294,
544 3539 584 3598 25
604 3539 724 3614 vectipat
742 3582 750 3598 .
765 3583 772 3598 .
786 3584 816 3598 ..
838 3541 872 3598 irc
892 3540 1046 3614 poplicum
1069 3536 1203 3597 Genuam
1225 3538 1293 3597 deut
1310 3569 1353 3580 -

181 3649 234 3706 pro
257 3627 386 3688 Genaua.
431 3629 506 3704 294,
524 3629 565 3687 43
592 3628 719 3689 Viturics
744 3631 795 3702 qus
813 3672 820 3687 .
835 3672 843 3688 .
858 3672 887 3688 ..
906 3629 1039 3688 damnati
1062 3631 1143 3695 emt,
1170 3628 1213 3687 sci
1234 3629 1300 3702 quo
1320 3630 1355 3688 ia

182 3720 322 3779 ciamdets
338 3718 373 3777 ob
393 3722 579 3785 accrescet,
599 3735 646 3778 cos
663 3720 774 3778 omneis
789 3719 878 3777 selom
894 3758 1036 3778 .......
1053 3717 1176 3776 ridetur.
1198 3746 1237 3760 -
1256 3716 1354 3776 Multo
1376 3793 1381 3802 ι

182 3807 347 3885 simplicius
361 3805 512 3866 Ciceronis
530 3809 631 3867 aetate
645 3807 834 3884 scripsissent
849 3806 1044 3866 Veiturtorum
1056 3807 1122 3880 ques
1140 3852 1148 3868 .
1162 3849 1171 3865 .
1186 3854 1193 3866 .
1208 3851 1215 3866 .
1234 3807 1277 3867 sei
1289 3809 1355 3881 pais
1429 3810 1433 3820 “

277 3898 393 3956 omnem
430 3893 473 3954 At
496 3890 528 3954 in
549 3895 651 3972 legum
675 3913 824 3969 sermone,
849 3898 884 3955 ut
906 3896 983 3956 duae
1005 3895 1144 3956 notiones
1162 3895 1354 3974 comprehen-

183 3985 333 4062 derentur,
352 4004 387 4046 ex
405 4003 488 4044 more
505 3983 558 4045 illo
577 4002 625 4045 cos
642 3986 712 4045 addi
730 3985 872 4062 oportuit.
909 3984 1005 4045 Varro
1019 3985 1039 4045 l
1054 3984 1121 4061 LV,
1137 3987 1178 4046 23
1198 3987 1235 4045 ct
1253 4002 1284 4044 eo
1302 3987 1353 4058 qui

181 4075 335 4134 Romanus
357 4075 519 4134 combustus
540 4078 594 4144 est,
617 4077 644 4135 si
664 4077 697 4135 in
719 4076 883 4150 ammarum
911 4077 973 4135 cius
996 4077 1107 4136 adiecto
1125 4076 1210 4149 quoa
1231 4091 1290 4132 noa
1312 4078 1353 4132 est

188 4194 223 4206 -
243 4182 299 4240 pro
317 4192 360 4204 —-
380 4165 417 4222 ab
435 4180 466 4223 co
484 4163 632 4234 Rornaac,
650 4166 733 4226 caius
751 4165 889 4225 combusti
905 4166 939 4225 ia
955 4166 1121 4240 sepulcrum
1143 4163 1254 4223 adiuta
1268 4163 1353 4237 uteba

180 4271 241 4313 uon
268 4257 315 4313 est.
361 4249 433 4325 VH,
453 4253 493 4312 17
511 4253 635 4328 Delphis
663 4256 697 4314 iu
723 4255 794 4314 cede
820 4255 860 4314 cd
891 4254 969 4315 lotas
999 4259 1041 4314 eat
1069 4253 1209 4328 cumdem
1233 4282 1273 4295 -
1296 4271 1352 4329 pro

182 4344 271 4403 aedis.
316 4338 389 4417 VII,
410 4341 471 4399 109
495 4341 529 4398 iu
550 4337 612 4401 illis
634 4345 684 4417 qai
706 4348 774 4404 aaa
795 4347 878 4411 suat,
900 4345 932 4404 in
949 4346 1049 4419 priato
1070 4343 1215 4402 volumine
1235 4373 1274 4387 -
1297 4361 1352 4420 pro

180 4433 307 4494 mnam.
349 4427 401 4507 IX,
417 4429 435 4487 9
455 4428 546 4501 aqum
563 4431 596 4490 ia
614 4434 743 4492 oratioue
759 4433 792 4492 ιἰι
808 4433 1029 4507 pronuntiando
1052 4434 1096 4493 ito
1113 4432 1239 4494 dcclircot
1254 4434 1352 4495 cerba
