3034 4825
406 269 448 327 De
466 285 593 326 sermone
611 261 893 340 pedestri-utiterum
911 269 1109 327 vetustissrmo.
1279 251 1345 334 499
1428 293 1430 300 ’

176 439 287 502 iadieiu
310 442 391 510 dato,
420 442 551 501 iudicare
572 441 673 500 iubeto.
717 439 1077 516 malenutritus
1094 481 1213 499 ......
1232 438 1350 499 addice

176 534 368 612 commutatae
390 535 536 590 concretae
558 533 655 590 essent.
698 528 773 589 Catu
797 528 834 588 de
853 548 880 589 a.
898 546 922 588 c.
938 530 1005 605 2,2
1037 529 1106 589 dicit
1127 530 1230 589 uticus
1250 528 1349 589 sedulo

86 656 92 662 -
173 638 204 680 se
221 622 336 695 fecisse,
361 637 458 679 savos
479 636 538 679 roa
555 620 696 687 ambisse,
719 623 899 692 tempestates
915 620 1011 678 maiae
1028 619 1128 692 faisse,
1146 635 1243 677 meos
1261 619 1349 691 eafa·

169 711 260 785 uisse,
284 726 357 783 opas
373 710 525 784 publicam
547 709 683 782 effecisse.
713 707 750 767 ot.
771 711 799 788 4.
842 705 986 767 Claudius
1010 704 1230 783 Quadrigarius
1253 707 1288 765 fr.
1305 708 1345 766 39

172 800 409 874 comprehensura
421 815 490 859 scos
503 800 631 872 quisque,
646 799 771 865 seriore,
786 797 959 871 amplectere.
986 795 1125 856 Valerius
1137 796 1244 855 Antias
1257 796 1295 855 fr.
1305 797 1345 856 45

167 890 295 962 perucia
312 892 398 962 cepta
416 889 516 948 obtuta
534 891 632 947 coueta
648 930 745 947 .....
760 890 809 946 est.
844 885 943 945 Varro
962 888 1019 945 sat.
1034 886 1098 946 454
1116 887 1258 945 nimirem
1275 886 1347 959 uiui·

172 978 236 1036 luat
259 978 386 1037 clamart
413 979 508 1037 caleat
536 979 643 1036 maret.
694 976 757 1034 tab.
780 973 825 1052 Ig.
849 974 881 1034 Π
904 975 930 1033 Α
952 975 994 1033 24
1023 970 1180 1049 parturita
1207 975 1348 1035 restituta

172 1057 375 1141 aterepubatu.
412 1068 448 1126 cl.
469 1066 611 1126 29-32.
630 1063 674 1124 VI
689 1064 713 1123 B
730 1065 770 1125 59
791 1066 897 1124 tarsitii
914 1066 1038 1132 tremite,
1056 1064 1154 1123 tenda
1170 1064 1256 1123 tetta.

261 1155 375 1215 Eodem
403 1155 491 1215 modo
518 1173 550 1214 se
578 1153 691 1214 habent
712 1153 790 1231 legis
813 1152 953 1230 Aquiliae
982 1153 1018 1212 de
1046 1152 1154 1213 damno
1185 1153 1230 1213 ed.
1253 1154 1349 1214 veluti

174 1242 381 1304 Wordsworth
400 1245 421 1304 l.
440 1262 465 1304 c.
483 1264 512 1320 p.
528 1245 606 1318 272,
630 1243 713 1303 cuius
737 1241 953 1320 deverborum
976 1244 1077 1302 aetate
1095 1261 1154 1302 non
1173 1243 1303 1303 constat:
1322 1244 1349 1303 si

174 1335 241 1407 qais
259 1334 344 1394 alteri
362 1334 502 1393 domnam
520 1334 607 1408 fouit,
625 1333 701 1405 qaod
718 1334 833 1399 amerit,
851 1332 977 1406 freyerit,
995 1333 1109 1406 reperit
1125 1334 1246 1393 iniuria.

262 1421 432 1499 Aliquando
444 1441 460 1482 e
470 1425 623 1482 structura
632 1420 780 1481 dissoluta
794 1420 826 1479 in
841 1423 1022 1480 structuram
1038 1420 1223 1481 coniunctam
1233 1422 1348 1497 priscos

174 1513 312 1572 auctores
336 1511 466 1571 transire
489 1510 639 1589 videmus,
661 1512 752 1587 quam
775 1509 974 1569 mutationem
994 1508 1139 1587 quantuni
1163 1510 1224 1569 scio
1246 1509 1348 1570 Cicero

173 1603 204 1660 et
228 1602 368 1677 aequales
391 1600 456 1660 eius
480 1601 579 1661 vitant
606 1601 643 1660 ci.
662 1599 805 1675 Madvig,
826 1598 1003 1659 lateinische
1026 1598 1224 1675 Spraehlehre
1248 1597 1349 1675 §434

173 1689 241 1770 adn,
254 1689 279 1749 Ι.
301 1721 338 1730 -
360 1688 409 1750 Sic
427 1690 573 1749 habemus
592 1690 745 1765 312,146
770 1706 869 1747 eoram
886 1690 1006 1748 aomina
1018 1690 1229 1762 praenomine,
1246 1693 1350 1763 putres

174 1783 227 1838 uret
239 1782 391 1853 patronus,
410 1779 512 1847 tribas,
531 1781 710 1853 repromissa,
727 1781 762 1837 et
778 1782 846 1852 quot
863 1795 957 1838 uanos
974 1780 1093 1852 quisque
1106 1795 1204 1837 eoram
1217 1779 1302 1838 iubet
1320 1782 1352 1837 et

172 1870 315 1928 rutiomm
334 1870 478 1942 pecuniae
497 1910 593 1927 .....
612 1869 741 1942 crepito.
783 1864 939 1927 Cornelius
963 1866 1090 1927 Sisenna
1112 1868 1148 1927 fr.
1165 1869 1227 1928 105
1244 1885 1350 1943 proras

174 1960 338 2024 actuariae,
362 1959 440 2033 trapi
459 1958 587 2032 prandes
610 1974 650 2016 uc
671 1958 765 2030 faseli.
799 1954 873 2015 (tato
893 1956 929 2015 de
948 1975 974 2016 a.
993 1974 1017 2016 e.
1038 1959 1102 2030 2,7
1126 1957 1209 2017 boues
1232 1958 1349 2025 retatus,

173 2051 307 2107 armenta
328 2047 464 2125 delicate,
490 2064 555 2107 oues
578 2046 731 2114 delicatus,
750 2087 862 2113 ......
880 2062 996 2105 sarum
1018 2048 1182 2106 matorum
1206 2045 1237 2106 et
1253 2048 1350 2121 siquid

173 2137 255 2196 eliud
272 2139 406 2210 supersit,
424 2137 538 2196 vendat.
564 2135 601 2197 ef.
615 2136 654 2195 ib.
666 2137 717 2196 44.
756 2136 840 2212 61,1
861 2136 977 2194 amate
991 2137 1097 2204 erudit,
1115 2137 1230 2196 radices
1247 2135 1349 2196 susam

173 2225 301 2292 obdunt,
320 2227 478 2284 arsames
497 2227 576 2302 fient,
595 2228 624 2283 et
641 2226 674 2284 ia
687 2225 802 2284 radices
815 2226 892 2284 uires
910 2225 989 2283 oleae
1002 2226 1130 2284 abibam.
1168 2226 1210 2284 84
1228 2227 1350 2299 ferinae

173 2314 323 2380 selibram,
343 2315 430 2394 *casei
452 2331 485 2388 p.
504 2313 547 2371 11
557 2312 582 2371 S
605 2330 668 2372 aaa
694 2314 869 2372 commisceto
896 2314 981 2386 quusi
1009 2315 1112 2381 idum,
1140 2315 1234 2373 melite
1256 2333 1290 2389 p.
1320 2319 1351 2374 et

174 2420 259 2463 ovam
276 2416 376 2476 anam.
416 2402 521 2479 155,1
546 2402 694 2477 familiam
716 2420 782 2461 cum
804 2403 908 2474 ferreis
929 2403 1109 2476 surculisque
1131 2405 1209 2463 estre
1232 2408 1350 2479 oportet,

173 2494 276 2553 tacitis
295 2494 419 2567 aperire,
439 2510 547 2566 uquam
565 2493 700 2552 diducere
716 2492 749 2551 ta
767 2493 833 2573 uiae
851 2495 882 2550 et
898 2495 1016 2566 eeqetem
1035 2509 1139 2551 curere
1157 2498 1273 2566 eportet.

261 2581 348 2641 Unde
372 2580 458 2660 sequi
480 2581 554 2641 mihi
576 2581 710 2660 videtur,
728 2583 765 2640 ut
782 2580 897 2656 priscae
915 2579 1076 2640 latinitatis
1095 2584 1234 2658 auctores
1253 2584 1349 2642 struc-

174 2674 260 2732 turae
278 2671 443 2731 disiunctae
466 2673 498 2733 et
521 2670 696 2732 coniunctae
719 2669 849 2731 nondum
875 2686 987 2747 genera
1009 2670 1174 2746 peculiaria
1192 2673 1350 2750 senserint,

174 2779 251 2837 quae
277 2760 388 2821 acriter
412 2760 495 2820 aliud
520 2760 559 2820 ab
587 2760 646 2820 alio
671 2760 905 2835 distinguantur.
949 2758 1105 2819 Libertate
1130 2759 1227 2839 igitur
1252 2763 1349 2821 multo

174 2849 286 2910 maiore
309 2852 450 2926 utuntur,
476 2867 567 2927 qnam
590 2853 727 2910 auctores
751 2848 872 2927 optimi,
899 2866 974 2924 quos
1002 2848 1179 2925 plerumque
1207 2849 1349 2910 nonnisi

174 2932 410 3015 particula'que
430 2937 598 3016 asyndeton
616 2937 702 2997 finire
720 2940 795 2997 nota
812 2955 860 2996 res
880 2941 933 2995 est

655 3224 882 3243 m,

658 3468 774 3554 Caput
795 3468 869 3549 III.

597 3623 646 3680 De
659 3591 932 3693 ‚coordinatione

249 3739 405 3822 ¹Omnium
432 3744 606 3821 linguarum
622 3762 811 3821 progressus
839 3747 1024 3821 quantopere
1052 3762 1119 3804 cum
1145 3744 1261 3805 ratione
1285 3764 1350 3806 sen-

175 3831 271 3892 tiendi
290 3851 324 3892 ac
342 3833 494 3910 cogitandi
512 3834 665 3895 hominum
680 3834 868 3908 cohaereant,
887 3834 998 3894 nostris
1013 3834 1198 3910 temporibus
1213 3835 1349 3911 inprimis

174 3921 209 3981 B.
228 3921 407 4003 Dellbrllok,
425 3921 612 4001 Brngmann,
637 3925 673 3983 ut
690 3923 728 3982 de
746 3922 912 4001 prioribus,
936 3923 988 4001 qui
1005 3942 1114 3984 novam
1132 3926 1348 4001 grammaticae

175 4010 341 4071 doctrinam
365 4011 582 4091 excitaverunt,
610 4014 739 4091 taceam,
768 4012 995 4089 quaestionibus
1024 4013 1061 4072 ad
1085 4013 1246 4074 verborum
1269 4035 1349 4085 eom-

175 4099 354 4179 positionem
371 4100 591 4179 pertinentibus
607 4103 784 4179 'docuerunt
822 4101 966 4162 Homines
981 4105 1060 4161 enim
1074 4102 1201 4163 incultos
1216 4103 1297 4163 illius
1313 4103 1349 4163 de

176 4208 236 4265 qua
252 4190 424 4266 quaerimus
439 4190 548 4250 aetatis
567 4191 816 4267 quemadmodum
835 4190 1047 4269 cogitationem
1059 4211 1215 4269 ¹quamque
1233 4192 1348 4253 indoles

176 4293 210 4336 ac
228 4282 339 4339 natura
360 4283 543 4357 pepererunt
566 4280 611 4339 ita
633 4281 738 4357 lingua
756 4282 892 4357 proferre
916 4283 989 4341 satis
1007 4284 1134 4342 constat.
1173 4281 1250 4351 Quid
1270 4282 1348 4358 quod

177 4366 267 4426 etiam
291 4369 586 4448 nuum-quicumque
609 4388 678 4429 cum
696 4366 1058 4445 M.Luther0h01ntnum
1080 4369 1266 4448 plebeiorum
1286 4389 1349 4429 ser-

176 4473 293 4517 monem
314 4459 470 4535 explorare
489 4459 644 4521 consuerit
663 4452 740 4539 (siue
758 4461 795 4519 ut
812 4460 907 4536 ipsius
926 4460 1018 4522 verbs
1036 4478 1196 4537 apponam:
1221 4459 1285 4517 dem
1301 4477 1348 4534 pe·

1082 4558 1137 4612 32*
