3034 4825
397 279 438 337 De
457 295 584 337 sermone
601 278 725 351 pedestri
743 278 878 334 Italorum
896 278 1096 335 vetustissimo.
1244 266 1247 271 ’
1265 277 1331 343 513

89 457 95 476 ’
157 453 304 527 quantum
329 448 426 526 video,
448 468 516 510 mea
533 450 704 511 coniectura
723 468 903 528 quamquam
921 468 982 509 non
1000 450 1112 526 mutat,
1134 451 1235 508 tamen
1254 468 1331 509 com·
1350 437 1352 440 ¹

46 522 71 566 ¹·
157 540 326 618 mandetur,
345 540 425 617 quod
444 539 541 616 magis
561 540 647 616 signa
665 540 780 600 tradita
797 531 968 620 sequitur.¹)

247 628 435 705 Simpliciora
458 628 603 706 quaedam
628 630 799 688 structurae
822 631 957 688 mutatae
968 610 1055 687 'baec
1078 628 1184 687 affero:
1214 629 1330 706 294,5

56 701 60 711 ’
157 736 242 793 quem
265 737 370 794 aprum
393 736 440 779 eos
462 720 583 779 uendere
604 719 789 792 heredemque
811 720 891 791 sequi
914 719 977 777 lieet
995 749 1037 758 —
1057 717 1109 776 ubi
1128 734 1210 792 quem
1228 735 1332 791 aprum

67 881 71 892 Ι
158 808 249 868 simul
270 805 392 868 obiecto
407 810 437 868 et
456 808 589 869 subiecto
608 807 754 898 fungitur.
791 807 827 867 cf.
847 809 922 884 308,
938 810 955 868 9
975 809 1035 866 ulei
1052 809 1093 866 eis
1112 807 1218 881 lepatcs
1235 808 1333 866 cmire

44 969 48 980 Ι
154 900 321 971 mittereque
338 899 440 958 liceret.

203 1026 205 1030 -
248 985 322 1046 Cato
337 986 373 1046 de
388 1005 414 1046 a.
425 1005 448 1046 c.
460 988 500 1046 16
516 986 623 1045 calcem
630 988 779 1060 partiario
793 986 969 1060 coquendum
983 986 1177 1059 medentem
1191 987 1279 1045 datur
1289 1016 1330 1027 -

55 1058 59 1069 ⁴
156 1079 240 1136 recte
258 1075 327 1134 Keil
353 1075 473 1150 supplet
496 1076 533 1134 ub
557 1076 607 1134 eis.
648 1073 764 1133 Similia
786 1075 818 1134 in
841 1075 922 1134 illius
946 1075 1158 1135 commentario
1181 1097 1208 1150 p.
1223 1077 1265 1135 43
1289 1075 1332 1134 in·

157 1166 270 1225 venies.
289 1195 332 1205 -
351 1182 376 1223 c.
391 1167 433 1224 90
454 1167 554 1238 postea
575 1166 678 1239 fabam
694 1183 807 1239 purum
829 1167 938 1239 fresam
964 1168 990 1224 et
1006 1166 1058 1238 sur
1070 1182 1184 1238 parum
1201 1165 1290 1239 facito
1308 1169 1334 1223 et

43 1239 69 1284 ’·
90 1315 93 1326 ,
157 1256 247 1327 fabae
269 1254 355 1312 tertie
372 1270 450 1327 pure
472 1257 504 1311 m
521 1255 714 1326 infervescat·
740 1255 813 1327 141,
834 1257 850 1312 1
872 1258 957 1327 quotu
977 1270 1011 1313 ee
1026 1256 1192 1327 parteseae
1210 1257 1333 1313 eircum—

158 1344 208 1416 epe'
236 1344 296 1402 siue
323 1336 552 1416 circumferendo
575 1360 699 1402 censeas.
750 1343 787 1403 ef.
807 1343 881 1420 294,
900 1344 921 1402 4
944 1360 991 1402 eos
1012 1344 1097 1415 firme
1119 1343 1215 1417 fucere
1236 1346 1332 1403 termi-

50 1419 54 1429 ’
156 1448 266 1505 nosque
287 1433 378 1491 stetui
399 1434 539 1492 immam.
585 1431 646 1490 tab.
664 1430 753 1493 Bent.
772 1450 831 1493 osc.
853 1452 881 1492 v.
902 1434 943 1491 19
968 1434 1018 1507 pis
1040 1448 1104 1492 ceos
1126 1434 1243 1492 bertius
1263 1434 1333 1506 fuet,

157 1537 313 1580 censumar
338 1521 408 1593 emf
424 1511 655 1604 (nominativus)
678 1523 710 1580 ire
733 1524 841 1581 citrum
864 1512 1090 1603 (aecusativus).
1109 1553 1152 1563 -
1173 1520 1333 1598 Sicseepe

56 1622 63 1633 ·
160 1609 252 1669 etiem
276 1608 325 1669 bic
347 1609 432 1669 illam
455 1610 678 1688 neglegentiam
701 1610 850 1671 scribendi
874 1611 1093 1688 cognoscimus,
1116 1630 1193 1687 quae
1216 1630 1334 1671 omnem

52 1713 64 1787 ᾗ
157 1698 385 1776 congruentiam
404 1698 708 1777 aequabilitatemque
727 1700 854 1777 ignoret.

637 1945 851 1955 ...ι-...ω-

644 2138 759 2225 Guput
781 2139 845 2210 IV.

499 2276 547 2330 De
570 2275 772 2332 attractione
795 2275 992 2344 syntectica.

246 2392 346 2465 Causa
364 2395 554 2456 attractionis
579 2415 615 2455 ex
636 2395 691 2455 illa
713 2396 836 2473 linguae
859 2400 969 2456 natura
992 2358 1154 2472 repetenda
1177 2397 1237 2472 est,
1256 2414 1333 2473 qnae

61 2493 66 2504 ‘
155 2484 322 2545 rationibus
340 2485 465 2561 paribus
487 2484 600 2545 formas
623 2504 712 2561 peres
735 2485 860 2544 reddere
884 2489 938 2544 aut
961 2485 1036 2544 duas
1058 2478 1204 2563 rationes,
1224 2486 1332 2562 quibus

156 2575 217 2634 iam
232 2573 345 2651 aliquid
360 2576 416 2633 sut
429 2575 543 2635 formae
557 2578 611 2635 aut
625 2574 792 2635 sententiae
807 2593 964 2635 commune
979 2578 1033 2649 est,
1047 2574 1144 2652 magis
1163 2573 1332 2652 adaequare

156 2663 287 2723 studeat.
324 2663 402 2723 Nem
423 2667 469 2724 eut
488 2665 580 2725 animi
597 2664 762 2739 hominum,
780 2666 816 2724 ut
834 2663 1031 2742 cogitationes
1046 2654 1159 2746 (ideas)
1177 2664 1222 2722 ita
1241 2682 1332 2723 enun-

47 2766 52 2777 '
156 2752 299 2813 tiaticnes
319 2771 436 2830 earnm,
461 2758 496 2813 ut
517 2754 562 2813 ite
587 2754 684 2814 dicem
707 2754 865 2814 associare.
902 2752 984 2822 Quae
1008 2753 1183 2828 exaequatio
1207 2755 1332 2829 quanto·

49 2854 54 2865 ’
155 2860 227 2918 pere
245 2842 464 2918 quodammodo
483 2843 695 2903 conscientiam
714 2862 817 2902 eorum
835 2843 943 2919 fugiat,
962 2862 998 2901 ex
1016 2842 1076 2900 illis
1090 2840 1251 2917 generibus
1268 2841 1332 2900 eius

60 2971 67 2982 .
155 2930 293 3005 inprimis
313 2933 447 3007 apparet,
465 2950 543 3005 quae
561 2932 703 2991 formales
721 2931 919 3007 nominamus,
938 2929 1034 2990 veluti
1048 2949 1084 2989 ex
1097 2929 1268 2988 litterarum
1286 2932 1332 2989 at·

156 3019 314 3077 tractione.
351 3017 452 3094 Atque
467 3019 604 3094 exempla
618 3022 740 3077 enotare
754 3036 974 3096 supervacuum
989 3018 1037 3095 sit,
1051 3037 1118 3078 cum
1133 3020 1164 3077 et
1177 3018 1333 3078 notissima

157 3124 205 3165 res
226 3105 265 3165 sit
289 3109 320 3165 et
339 3107 370 3165 in
388 3106 606 3167 recentioribus
624 3107 710 3167 libris
730 3108 767 3167 de
786 3111 851 3167 arte
869 3108 1069 3185 grammatica
1087 3107 1279 3184 conscriptis,
1297 3110 1333 3165 ut

61 3234 67 3248 ·
155 3195 220 3255 fere
245 3195 294 3271 fit,
319 3195 380 3256 iam
407 3196 481 3256 satis
506 3197 737 3257 demonstretur.
782 3197 864 3257 Haec
892 3200 994 3257 autem
1018 3197 1150 3257 auctoris
1176 3196 1334 3256 inscientia

59 3343 66 3356 ,
156 3302 247 3361 quam
270 3285 436 3357 memoravi
457 3286 544 3346 nobis
568 3286 714 3361 ostendit,
742 3287 775 3345 in
798 3286 907 3365 quibus
931 3286 1104 3363 regionibus
1128 3305 1201 3361 prae
1224 3286 1332 3345 ceteris

41 3390 61 3432 ⁴.
155 3375 231 3433 talia
255 3375 343 3435 nobis
369 3376 540 3452 quaerenda
564 3376 638 3457 sint:
662 3376 842 3453 ubicumque
866 3376 971 3453 lingua
994 3376 1096 3436 statim
1119 3374 1332 3451 cogitationem

158 3463 303 3543 sequitur,
321 3465 501 3541 ubicumque
519 3465 604 3523 nullo
631 3463 731 3524 studio
756 3483 810 3525 nec
829 3465 904 3526 artie
922 3483 976 3524 nec
995 3463 1163 3539 elegantiae
1181 3467 1263 3523 reeta
1280 3482 1333 3522 na·

18 3615 20 3633 ‚
59 3586 66 3625 :
155 3552 234 3611 tiras
259 3553 352 3613 animi
373 3555 520 3615 motiones
543 3553 652 3614 reddit.
692 3553 734 3612 Et
761 3553 888 3613 inveniri
914 3554 946 3612 in
974 3553 1105 3613 omnium
1132 3553 1267 3628 gentium
1289 3552 1330 3612 in·

46 3659 52 3672 ’
156 3639 262 3716 primis
280 3643 450 3716 primordiis
469 3644 641 3720 linguarum
656 3642 773 3702 Ziemer
785 3642 805 3702 l.
820 3662 845 3703 c.
859 3663 886 3720 p.
900 3645 941 3703 55
951 3662 994 3719 sq.
1009 3642 1120 3701 edocet.
1142 3641 1225 3701 Haec
1238 3641 1333 3718 igitur

158 3727 219 3787 alia
241 3730 354 3805 species
381 3732 442 3793 illie
465 3733 552 3794 nobis
576 3732 736 3793 tribuenda
759 3735 820 3812 est,
849 3752 926 3810 quae
953 3750 1013 3792 non
1036 3734 1100 3790 tarn
1122 3730 1220 3806 logica
1242 3750 1332 3808 quem

156 3818 369 3895 psycbologica
401 3822 580 3897 appellanda
607 3812 721 3902 sunt.²)
751 3852 790 3864 -
821 3824 865 3881 Ac
892 3822 1022 3899 primum
1050 3820 1170 3897 quidem
1197 3820 1332 3881 dividens

55 3956 63 3968 .
157 3906 326 3966 Ziemerum
347 3912 467 3969 secutus
486 3930 574 3987 egem

248 4042 275 4111 1)
294 4039 425 4098 Ceterum
443 4041 637 4101 Wordsworth
654 4046 673 4102 l.
694 4063 716 4100 c.
736 4064 763 4116 p.
779 4050 831 4101 215
851 4061 962 4101 omnem
981 4045 1203 4102 enuntiationem
1222 4043 1331 4100 litteras

159 4113 281 4169 incertas
296 4114 485 4170 continentem
504 4133 592 4185 usque
606 4117 643 4171 ad
657 4119 790 4188 oportebit
804 4116 939 4173 omittit
951 4116 1032 4172 nulla
1046 4133 1132 4173 eausa
1145 4116 1176 4171 iu
1191 4133 1332 4172 commen-

31 4202 36 4215 ·
56 4240 61 4254 ,
157 4183 224 4239 tarii
242 4203 269 4255 p.
285 4190 337 4240 469
357 4185 452 4241 allata.
490 4185 542 4242 Oui
560 4199 634 4256 quae
649 4188 722 4244 ratio
741 4189 841 4257 subsit,
859 4206 916 4245 non
934 4206 1047 4260 prorsus
1065 4189 1159 4246 videt.

247 4261 275 4323 2)
294 4257 336 4312 De
365 4275 479 4312 casuum
506 4275 590 4327 quam
619 4260 717 4315 dicunt
744 4261 913 4317 attractione
941 4260 1017 4332 apud
1041 4260 1172 4315 Plautum
1201 4263 1229 4315 et
1256 4259 1332 4330 apud

42 4378 48 4391 ,
157 4327 320 4382 Terentium
345 4327 439 4398 ample
462 4329 603 4399 quaesivit
620 4330 654 4386 H.
670 4331 810 4399 Boclrseh,
834 4331 1124 4402 dies.vratisl.1865,
1149 4333 1196 4401 qui
1221 4333 1255 4387 de
1279 4335 1332 4387 hae

50 4406 59 4417 ·
157 4400 264 4454 ratione
289 4398 455 4470 explicanda
475 4418 685 4472 nonnumquam
703 4403 761 4459 ium
779 4407 887 4460 rectum
905 4403 990 4476 vidit,
1014 4421 1185 4475 quamquam
1204 4421 1256 4473 ego
1276 4419 1332 4458 non

157 4485 269 4541 temper
287 4487 351 4526 eum
369 4488 402 4526 eo
421 4471 504 4530 facio.

208 4568 289 4612 Jahrb.
303 4569 320 4612 f.
335 4570 402 4613 class.
415 4572 499 4615 Philol
523 4574 602 4625 suppl.
615 4575 657 4617 Bd.
668 4575 753 4619 XXIV.
1080 4572 1116 4621 33
