3034 4825
212 239 278 323 530
689 259 905 328 baumburg:

301 429 469 488 Pronomen
491 429 651 488 relativum
670 429 701 487 in
719 428 847 489 dialecto
867 446 936 488 osea
954 428 1071 505 saepius
1091 445 1109 486 a
1126 428 1244 488 nomine
1263 429 1386 507 longius

214 519 312 578 abest:
331 519 392 578 tab.
403 518 490 577 Bant.
505 536 562 578 oso.
579 538 606 579 v.
623 519 642 577 8
656 520 707 591 616
719 521 841 592 6666611
852 523 921 592 post
939 536 1008 578 6666
1021 536 1136 578 coruom
1150 519 1252 591 1661661
1263 521 1384 580 meddts.

213 608 250 667 61.
269 608 381 680 ib.12,
401 609 457 682 18,
475 609 525 668 26.
562 607 622 667 tab.
641 606 686 682 Ig.
705 607 748 666 VI
766 607 794 665 A
810 610 850 667 26
870 611 969 682 persei
991 625 1055 667 oure
1076 608 1158 667 Fisie
1175 610 1228 681 616
1250 613 1311 667 orto
1334 614 1385 677 est,

213 703 312 757 1616666
329 698 431 756 166166
449 715 572 756 uraraor.
599 697 635 755 61.
654 696 693 755 ib.
709 698 762 772 46,
777 698 829 757 36.
847 696 890 755 VI
909 697 934 755 B
950 698 1000 757 29.
1023 728 1061 738 —
1082 697 1258 756 Latinarum
1280 699 1386 773 legum

211 787 386 846 memoriam
411 789 514 862 repeto
540 786 676 845 neutrius
703 785 822 862 generis
849 786 970 845 relativi
995 805 1062 846 oum
1088 787 1227 864 genetivo
1253 787 1385 847 nominis

213 875 377 948 coniuncti,
402 894 469 934 oum
494 895 530 934 ea
549 878 699 935 structura
718 875 890 951 saepissime
908 879 1041 935 utantur.
1078 875 1135 934 Hie
1153 875 1230 934 addo
1251 877 1324 951 294,
1341 879 1383 936 39

212 984 295 1038 quem
313 967 434 1041 quisque
457 982 556 1024 eorum
578 982 683 1039 aprum
701 965 853 1037 posidebit
891 965 964 1039 295,
976 966 1017 1024 88
1037 966 1112 1038 quod
1129 968 1161 1023 16
1179 967 1220 1024 eis
1238 968 1320 1039 66616
1331 984 1385 1039 66-

211 1073 267 1128 qus
283 1059 426 1128 pascetur.
464 1056 538 1131 307,
550 1055 590 1114 35
612 1071 700 1128 quom
716 1056 747 1112 ia
767 1056 885 1127 6616666
900 1054 1054 1114 decuriam.
1083 1054 1120 1114 61.
1129 1054 1169 1113 11.
1181 1056 1294 1130 37,41.
1313 1054 1384 1114 116.

647 1223 681 1279 7.
709 1223 946 1280 Particularum.

212 1323 401 1399 quominus
420 1322 471 1398 qui
489 1324 591 1382 ortum
609 1322 657 1394 sit,
677 1322 750 1380 satis
765 1322 905 1397 persequi
918 1340 1085 1398 possumus.
1122 1322 1200 1380 Nam
1214 1322 1296 1398 prior
1309 1342 1382 1399 pars

211 1431 278 1487 quo
297 1410 514 1489 antiquissimis
531 1411 716 1488 temporibus
735 1428 796 1468 non
813 1411 895 1469 aliud
914 1414 980 1469 erat
997 1411 1054 1470 nisi
1073 1430 1142 1487 qua
1160 1430 1209 1487 re,
1235 1411 1300 1470 dioo
1320 1431 1381 1471 non

211 1504 275 1560 tam
293 1501 506 1561 ooniunotiouis
525 1500 556 1559 ri
573 1500 757 1577 fungebatur
775 1519 865 1575 quam
883 1518 1046 1576 pronomen
1065 1501 1259 1560 sentiebatur.
1292 1500 1380 1569 Quod
1427 1540 1429 1542 >

210 1591 296 1649 docet
315 1592 378 1650 309
393 1588 425 1649 ΙΙ
441 1593 482 1650 10
500 1592 580 1649 66166
598 1590 695 1662 facito,
714 1606 769 1662 quo
779 1591 853 1661 'quis
866 1607 913 1647 eoa
925 1590 1030 1648 milites
1044 1591 1208 1649 1616666661
1221 1607 1308 1663 quoue
1321 1592 1381 1648 1661

211 1680 331 1739 66111166
348 1680 469 1739 11661661
487 1710 531 1719 -
549 1697 626 1755 quaa
644 1678 737 1738 uerba
761 1677 803 1736 sio
827 1677 955 1755 explico:
979 1678 1065 1738 neive
1089 1679 1178 1738 facito
1197 1679 1289 1737 ullam
1308 1697 1382 1756 rem,

210 1787 269 1845 qua
286 1815 292 1825 .
309 1814 315 1826 .
330 1815 359 1827 ..
403 1770 439 1827 61.
459 1769 588 1845 295,88
607 1769 1084 1841 66166....66666166666666616
1102 1770 1190 1842 iepem
1208 1769 1308 1827 deicito
1327 1786 1383 1840 quo

217 1859 342 1917 ....61.
361 1858 400 1917 ib.
422 1861 472 1935 20,
489 1860 539 1917 72.
585 1856 686 1932 Atque
714 1856 784 1915 huie
810 1855 974 1915 sententiae
1002 1857 1063 1916 iam
1091 1876 1125 1916 eo
1151 1856 1224 1916 fides
1250 1857 1382 1933 additur,

212 1949 292 2024 quod
315 1947 463 2024 partioula
486 1945 863 2023 composita'quominus
887 1945 972 2004 initio
995 1946 1040 2005 ita
1058 1945 1153 2005 divisa
1172 1949 1229 2018 661,
1251 1946 1380 2005 616611-

211 2037 297 2111 quior
315 2036 360 2096 vis
380 2040 500 2095 servata
519 2035 663 2096 videatur.
701 2035 749 2093 Sio
768 2035 1003 2094 161.Β661.ο66.
1022 2054 1049 2095 v.
1067 2037 1107 2094 10
1124 2053 1180 2108 nep
1193 2036 1305 2109 fefaoid
1317 2037 1379 2109 pud

203 2128 255 2199 pis
269 2128 320 2185 6161
332 2128 410 2185 61666
423 2126 525 2200 6666661
538 2128 614 2184 ratus
627 2125 749 2184 deiouid.
789 2125 912 2201 293,71
928 2125 1119 2197 6616616611).
1133 2127 1267 2198 quaqua
1281 2142 1379 2183 eorum
1475 2201 1478 2206 Δ

209 2218 307 2273 minus
329 2216 369 2274 ud
391 2216 422 2273 id
439 2217 580 2274 1661161661
602 2215 701 2273 adesse
718 2215 821 2286 666611.
842 2245 880 2254 -
902 2212 970 2272 Siue
994 2213 1084 2272 dubio
1108 2213 1273 2272 6616661116
1292 2232 1378 2273 suam

209 2304 270 2362 vim
294 2304 425 2363 retinuit.
463 2303 499 2362 Id
521 2303 601 2379 quod
624 2301 837 2377 comprobatur
859 2303 919 2360 illis
942 2304 1029 2375 loois,
1054 2302 1161 2379 quibus
1188 2321 1242 2377 pro
1261 2304 1379 2361 minus

209 2393 324 2471 magis
347 2392 507 2453 adhibetur
532 2394 609 2470 293,
626 2395 667 2454 74
687 2392 742 2452 bis.
763 2393 901 2470 295,12.
931 2392 1181 2466 312,117,159.
1212 2391 1378 2453 3091115

208 2486 289 2542 66166
305 2486 454 2557 imperato,
473 2501 528 2558 quo
546 2484 616 2556 quid
633 2484 783 2555 6616616161
800 2483 873 2541 dent
915 2481 952 2540 61.
972 2484 1033 2541 311
1050 2482 1075 2540 B
1092 2485 1141 2542 17.
1156 2513 1200 2523 -
1214 2482 1318 2557 Neque
1337 2483 1381 2540 116

209 2591 299 2631 eausa
318 2576 407 2646 earet,
427 2574 452 2631 si
471 2591 506 2630 ex
524 2572 623 2631 verbis
642 2571 738 2630 omnis
752 2570 872 2645 generis
887 2572 943 2629 hae
956 2571 1123 2646 particulae
1138 2572 1276 2657 pendent,
1296 2570 1380 2629 velut

210 2680 228 2719 a
255 2661 391 2738 faeere,
419 2679 562 2737 rogare,
592 2660 755 2718 clausum
784 2658 930 2732 habere,
959 2659 1165 2732 defendere,
1194 2661 1378 2735 imperare.

209 2748 327 2819 Quanto
350 2749 510 2826 pauperior
533 2748 732 2824 posteriorum
756 2765 853 2806 sermo
876 2748 993 2825 legibus
1018 2748 1079 2807 suis
1109 2749 1303 2825 constitutus,
1327 2749 1379 2825 qui

209 2857 264 2915 pro
280 2839 395 2898 duabus
410 2839 514 2898 formis
529 2857 619 2897 unam
638 2837 829 2913 quominus
848 2837 1023 2913 condiderit,
1042 2838 1093 2914 qui
1107 2837 1181 2897 duas
1195 2841 1296 2913 partes
1310 2840 1378 2896 arto

209 2927 328 2987 vinoulo
351 2927 538 2987 ooniunrerit
561 2919 756 3009 (quamquam
783 2927 824 2985 sio
847 2926 908 2985 iarn
931 2927 1036 3004 lingua
1061 2919 1191 3009 legum),
1215 2928 1380 3003 qui-usum

209 3019 272 3077 eius
291 3020 329 3076 ad
348 3020 430 3076 oerta
448 3017 540 3076 uerba
558 3016 753 3076 restrinxerit.

297 3106 347 3164 Ne
361 3107 508 3183 particula
521 3108 575 3165 aut
588 3105 678 3164 verbo
692 3104 914 3182 praescribitur,
928 3108 963 3164 ut
977 3124 1066 3181 saepe
1080 3105 1111 3164 in
1121 3107 1188 3182 lege
1197 3105 1257 3165 XII
1265 3106 1378 3166 tau13
1483 3150 1484 3153 ¹

209 3213 342 3255 66666666
359 3214 395 3254 ue
413 3198 538 3255 61666116.
576 3194 612 3254 of.
627 3193 683 3266 VI,
700 3196 727 3254 9.
751 3194 792 3270 X,
809 3197 836 3252 1.
859 3194 895 3271 X,
910 3197 929 3252 2
948 3194 1084 3269 hospius
1101 3213 1137 3253 oe
1154 3197 1260 3269 166116·
1278 3214 1380 3269 rapum

211 3302 295 3344 66666
313 3303 350 3343 66
362 3286 461 3358 661116.
500 3286 574 3360 293,
589 3285 629 3343 35
650 3286 811 3356 1666661116
825 3285 850 3341 61
865 3300 1026 3342 morumne
1044 3285 1140 3357 facito.
1179 3286 1252 3360 295,
1268 3287 1310 3343 42
1329 3285 1380 3342 sed

206 3369 315 3449 fraude
333 3392 389 3434 suu
406 3377 454 3433 661
471 3377 574 3434 iurato.
614 3375 675 3431 311
692 3370 707 3429 I
724 3375 739 3430 1
762 3373 794 3430 id
811 3377 909 3431 rutum
926 3390 962 3432 66
981 3377 1037 3432 6616
1061 3373 1210 3433 611120.
1246 3371 1321 3431 Cato
1340 3372 1378 3432 de

209 3481 234 3521 6.
255 3481 277 3521 6.
297 3463 318 3522 4
337 3464 484 3536 furnilium
500 3480 536 3522 66
554 3464 656 3521 siveris
669 3479 799 3536 peceare.
836 3462 875 3520 ib.
892 3463 920 3538 5,
938 3464 956 3520 2
980 3464 1111 3536 familiae
1128 3463 1203 3522 mule
1220 3479 1256 3520 66
1274 3464 1324 3528 sit,
1342 3480 1379 3520 66

209 3554 304 3626 616661
324 3570 369 3594 -·
384 3553 509 3628 6666166.
538 3552 573 3611 61.
590 3554 689 3629 61,1.
711 3553 761 3610 93.
799 3550 894 3610 Varro
912 3551 931 3609 l.
951 3552 970 3611 1,
990 3551 1098 3627 v1,16
1124 3571 1159 3610 er
1183 3556 1285 3611 vetere
1305 3570 1378 3628 qua·

209 3641 278 3700 dam
295 3641 376 3718 lege:
395 3644 495 3701 uiuum
512 3658 618 3707 aueum
636 3658 672 3698 ae
690 3641 818 3699 uebatur.
857 3643 898 3699 74
917 3642 1019 3699 eudem
1036 3659 1072 3700 66
1090 3643 1200 3700 darent.
1219 3672 1257 3681 —
1274 3641 1314 3701 ib.
1328 3660 1379 3701 66·

209 3733 272 3790 dem
298 3748 334 3790 66
357 3735 514 3805 poscerent.
560 3730 621 3788 tab.
639 3729 727 3788 Bant.
746 3747 805 3788 oso.
823 3731 885 3788 v.8
908 3732 963 3788 1616
986 3732 1054 3788 61616
1075 3731 1186 3790 66166161
1209 3733 1379 3790 6666666111

208 3821 296 3895 bipid.
334 3820 370 3879 61.
390 3841 417 3879 v.
434 3823 484 3896 14,
501 3820 551 3896 17,
567 3821 617 3878 29.
654 3819 715 3877 tab.
731 3818 776 3896 Ig.
791 3817 843 3889 IV,
858 3820 899 3877 33
924 3809 994 3877 6ὄ616
1015 3837 1083 3878 ares
1100 3838 1197 3893 66666
1219 3813 1379 3880 6616166166

209 3910 245 3967 61.
269 3928 344 3984 quae
368 3907 758 3969 Β666116166(1166661116Ι
784 3928 811 3982 p.
828 3909 900 3965 171.
932 3907 968 3965 61.
992 3907 1093 3984 legum
1117 3909 1276 3968 dubiarum
1300 3926 1374 3985 quaa

209 3986 348 4056 feruntur
370 3999 522 4076 regiarum
547 3992 770 4077 (Wordsworth
793 3997 812 4055 1.
831 4014 855 4054 6.
874 4017 902 4071 p.
919 3998 996 4074 253,
1018 3998 1118 4056 Bruus
1137 3999 1156 4056 1.
1176 4018 1200 4058 e.
1218 4019 1246 4075 p.
1265 3990 1298 4078 1)
1317 3993 1336 4070 ἕ
1357 3997 1374 4052 2

207 4089 274 4145 uino
292 4106 394 4161 repam
410 4106 447 4147 66
463 4088 632 4161 6666669116.
667 4083 687 4160 ἓ
707 4088 725 4144 3
740 4087 836 4160 pellea
854 4103 940 4144 uram
958 4088 1082 4146 Iunonis
1099 4104 1135 4145 ue
1153 4092 1269 4162 1666116.
1290 4115 1328 4125 -
1482 4154 1483 4157 ¹

294 4175 442 4255 ¹Similiter
466 4176 528 4235 uti
551 4176 631 4252 apud
645 4173 788 4234 Catonem
807 4174 844 4233 de
862 4193 888 4234 a.
902 4193 926 4234 o.
943 4176 971 4252 2,
987 4178 1005 4236 6
1026 4177 1312 4250 661166666666161,
1331 4176 1375 4233 611
1482 4220 1483 4225 ,

209 4269 400 4336 compareant.
427 4266 463 4324 61.
479 4268 505 4324 7.
539 4264 635 4323 Varro
649 4264 669 4321 1.
683 4264 703 4321 1.
717 4263 769 4338 VI,
786 4265 825 4322 21
842 4267 869 4323 ie
882 4282 947 4323 oum
961 4269 1014 4332 eut,
1033 4267 1204 4339 suffibulum
1216 4270 1249 4324 61
1262 4264 1374 4324 babeat.

209 4380 251 4390 —
271 4350 345 4410 Cato
364 4352 524 4428 aliquando
546 4371 601 4429 pro
625 4371 679 4410 sua
700 4352 842 4428 loquendi
864 4352 1004 4413 libertate
1023 4358 1125 4414 vetare
1148 4353 1249 4430 pergit
1267 4373 1321 4430 par
1340 4358 1376 4412 et

209 4456 250 4496 ne
273 4457 327 4514 pro
351 4456 451 4514 neve,
475 4442 554 4516 quod
578 4441 619 4499 sio
642 4458 684 4497 ne
708 4440 797 4498 verbo
820 4441 944 4516 propius
968 4444 1064 4501 maius
1082 4445 1198 4518 pondus
1217 4444 1318 4504 affert:
1338 4443 1372 4502 de
