<?xml version="1.0" encoding="UTF-8"?>
<!DOCTYPE html PUBLIC "-//W3C//DTD XHTML 1.0 Transitional//EN"
    "http://www.w3.org/TR/xhtml1/DTD/xhtml1-transitional.dtd">
<html xmlns="http://www.w3.org/1999/xhtml" xml:lang="en" lang="en">
 <head>
  <title>
</title>
<meta http-equiv="Content-Type" content="text/html;charset=utf-8" />
  <meta name='ocr-system' content='tesseract 3.04.00' />
  <meta name='ocr-capabilities' content='ocr_page ocr_carea ocr_par ocr_line ocrx_word'/>
</head>
<body>
  <div class='ocr_page' id='page_1' title='image "./desermonepedest00altegoog_0049.png"; bbox 0 0 3034 4825; ppageno 0'>
   <div class='ocr_carea' id='block_1_1' title="bbox 411 262 1349 335">
    <p class='ocr_par' dir='ltr' id='par_1_1' title="bbox 411 262 1349 335">
     <span class='ocr_line' id='line_1_1' title="bbox 411 262 1349 335; baseline 0.002 -16"><span class='ocrx_word' id='word_1_1' title='bbox 411 263 454 321; x_wconf 90' lang='lat' dir='ltr'>De</span> <span class='ocrx_word' id='word_1_2' title='bbox 472 280 598 321; x_wconf 87' lang='lat' dir='ltr'>sermone</span> <span class='ocrx_word' id='word_1_3' title='bbox 616 263 741 335; x_wconf 77' lang='lat' dir='ltr'>pedestri</span> <span class='ocrx_word' id='word_1_4' title='bbox 760 262 895 321; x_wconf 87' lang='lat' dir='ltr'>Italorum</span> <span class='ocrx_word' id='word_1_5' title='bbox 914 263 1113 321; x_wconf 82' lang='lat' dir='ltr'>vetustissimo.</span> <span class='ocrx_word' id='word_1_6' title='bbox 1284 265 1349 329; x_wconf 78' lang='lat'>525</span> 
     </span>
    </p>
   </div>
   <div class='ocr_carea' id='block_1_2' title="bbox 173 432 1351 1046">
    <p class='ocr_par' dir='ltr' id='par_1_2' title="bbox 173 432 1351 1046">
     <span class='ocr_line' id='line_1_2' title="bbox 176 432 1350 512; baseline -0.003 -14"><span class='ocrx_word' id='word_1_7' title='bbox 176 437 217 498; x_wconf 89' lang='lat' dir='ltr'>ud</span> <span class='ocrx_word' id='word_1_8' title='bbox 230 437 368 511; x_wconf 73' lang='grc'><strong>7777797777</strong></span> <span class='ocrx_word' id='word_1_9' title='bbox 381 437 493 497; x_wconf 81' lang='lat' dir='ltr'>emisse</span> <span class='ocrx_word' id='word_1_10' title='bbox 505 436 598 496; x_wconf 77' lang='grc'><strong>777777</strong></span> <span class='ocrx_word' id='word_1_11' title='bbox 611 439 767 512; x_wconf 69' lang='lat' dir='ltr'>nemetum.</span> <span class='ocrx_word' id='word_1_12' title='bbox 792 434 948 497; x_wconf 82' lang='lat' dir='ltr'>Cornelius</span> <span class='ocrx_word' id='word_1_13' title='bbox 961 432 1090 494; x_wconf 87' lang='lat' dir='ltr'>Sisenna</span> <span class='ocrx_word' id='word_1_14' title='bbox 1098 434 1136 494; x_wconf 77' lang='lat' dir='ltr'>fr:</span> <span class='ocrx_word' id='word_1_15' title='bbox 1148 435 1189 494; x_wconf 93' lang='lat'>10</span> <span class='ocrx_word' id='word_1_16' title='bbox 1204 435 1244 494; x_wconf 86' lang='lat' dir='ltr'>ud</span> <span class='ocrx_word' id='word_1_17' title='bbox 1257 453 1350 495; x_wconf 86' lang='lat' dir='ltr'>uuum</span> 
     </span>
     <span class='ocr_line' id='line_1_3' title="bbox 175 524 1350 602; baseline -0.002 -15"><span class='ocrx_word' id='word_1_18' title='bbox 175 528 241 587; x_wconf 79' lang='grc'><strong>777777</strong></span> <span class='ocrx_word' id='word_1_19' title='bbox 263 525 393 600; x_wconf 78' lang='lat' dir='ltr'>faciendi</span> <span class='ocrx_word' id='word_1_20' title='bbox 415 527 503 585; x_wconf 87' lang='lat' dir='ltr'>uiam.</span> <span class='ocrx_word' id='word_1_21' title='bbox 531 524 567 584; x_wconf 87' lang='lat' dir='ltr'>ef.</span> <span class='ocrx_word' id='word_1_22' title='bbox 587 527 639 586; x_wconf 84' lang='lat'>39.</span> <span class='ocrx_word' id='word_1_23' title='bbox 660 556 698 567; x_wconf 93' lang='lat'>-</span> <span class='ocrx_word' id='word_1_24' title='bbox 721 525 935 586; x_wconf 75' lang='lat' dir='ltr'>Praetermitto</span> <span class='ocrx_word' id='word_1_25' title='bbox 960 524 1092 584; x_wconf 88' lang='lat' dir='ltr'>eiusdem</span> <span class='ocrx_word' id='word_1_26' title='bbox 1111 524 1148 583; x_wconf 87' lang='lat' dir='ltr'>fr.</span> <span class='ocrx_word' id='word_1_27' title='bbox 1164 525 1216 598; x_wconf 91' lang='grc'>42,</span> <span class='ocrx_word' id='word_1_28' title='bbox 1232 526 1283 600; x_wconf 84' lang='grc'><strong>45,</strong></span> <span class='ocrx_word' id='word_1_29' title='bbox 1298 527 1350 602; x_wconf 85' lang='grc'><strong>83,</strong></span> 
     </span>
     <span class='ocr_line' id='line_1_4' title="bbox 173 613 1349 693; baseline 0 -19"><span class='ocrx_word' id='word_1_30' title='bbox 173 616 206 674; x_wconf 92' lang='lat' dir='ltr'>in</span> <span class='ocrx_word' id='word_1_31' title='bbox 223 615 334 693; x_wconf 89' lang='lat' dir='ltr'>quibus</span> <span class='ocrx_word' id='word_1_32' title='bbox 354 613 530 675; x_wconf 86' lang='lat' dir='ltr'>divisionem</span> <span class='ocrx_word' id='word_1_33' title='bbox 548 614 685 692; x_wconf 84' lang='lat' dir='ltr'>rhythmi</span> <span class='ocrx_word' id='word_1_34' title='bbox 704 634 796 675; x_wconf 87' lang='lat' dir='ltr'>eausa</span> <span class='ocrx_word' id='word_1_35' title='bbox 810 614 946 675; x_wconf 78' lang='lat' dir='ltr'>effectam</span> <span class='ocrx_word' id='word_1_36' title='bbox 961 632 1027 674; x_wconf 89' lang='lat' dir='ltr'>esse</span> <span class='ocrx_word' id='word_1_37' title='bbox 1042 613 1163 673; x_wconf 86' lang='lat' dir='ltr'>Norden</span> <span class='ocrx_word' id='word_1_38' title='bbox 1177 614 1231 672; x_wconf 89' lang='grc'>17.</span> <span class='ocrx_word' id='word_1_39' title='bbox 1244 634 1273 689; x_wconf 91' lang='lat' dir='ltr'>p.</span> <span class='ocrx_word' id='word_1_40' title='bbox 1286 616 1349 674; x_wconf 88' lang='lat'>180</span> 
     </span>
     <span class='ocr_line' id='line_1_5' title="bbox 174 702 1351 786; baseline 0.001 -25"><span class='ocrx_word' id='word_1_41' title='bbox 174 703 370 763; x_wconf 88' lang='lat' dir='ltr'>demonstrat.</span> <span class='ocrx_word' id='word_1_42' title='bbox 398 735 435 747; x_wconf 87' lang='lat'>-</span> <span class='ocrx_word' id='word_1_43' title='bbox 461 702 559 781; x_wconf 89' lang='lat' dir='ltr'>Seipio</span> <span class='ocrx_word' id='word_1_44' title='bbox 582 704 743 763; x_wconf 84' lang='lat' dir='ltr'>Africanus</span> <span class='ocrx_word' id='word_1_45' title='bbox 766 705 863 764; x_wconf 86' lang='lat' dir='ltr'>maior</span> <span class='ocrx_word' id='word_1_46' title='bbox 885 724 913 780; x_wconf 88' lang='lat' dir='ltr'>p.</span> <span class='ocrx_word' id='word_1_47' title='bbox 930 707 948 764; x_wconf 89' lang='grc'><strong>7</strong></span> <span class='ocrx_word' id='word_1_48' title='bbox 964 705 1124 786; x_wconf 29' lang='grc'><strong>,7777777777</strong></span> <span class='ocrx_word' id='word_1_49' title='bbox 1150 704 1231 762; x_wconf 82' lang='lat' dir='ltr'>uobis</span> <span class='ocrx_word' id='word_1_50' title='bbox 1246 706 1351 778; x_wconf 86' lang='lat' dir='ltr'>peperi</span> 
     </span>
     <span class='ocr_line' id='line_1_6' title="bbox 173 792 1350 872; baseline -0.002 -19"><span class='ocrx_word' id='word_1_51' title='bbox 173 793 387 868; x_wconf 70' lang='lat' dir='ltr'>insperabiles.</span> <span class='ocrx_word' id='word_1_52' title='bbox 429 792 462 853; x_wconf 86' lang='grc'>0.</span> <span class='ocrx_word' id='word_1_53' title='bbox 480 792 602 853; x_wconf 88' lang='lat' dir='ltr'>Laelius</span> <span class='ocrx_word' id='word_1_54' title='bbox 622 792 748 869; x_wconf 79' lang='lat' dir='ltr'>Sapiens</span> <span class='ocrx_word' id='word_1_55' title='bbox 767 814 797 870; x_wconf 87' lang='lat' dir='ltr'>p.</span> <span class='ocrx_word' id='word_1_56' title='bbox 813 795 875 853; x_wconf 98' lang='grc'>175</span> <span class='ocrx_word' id='word_1_57' title='bbox 899 810 989 866; x_wconf 78' lang='lat' dir='ltr'>meque</span> <span class='ocrx_word' id='word_1_58' title='bbox 1005 797 1097 872; x_wconf 67' lang='lat' dir='ltr'>⁴terete</span> <span class='ocrx_word' id='word_1_59' title='bbox 1119 794 1177 852; x_wconf 79' lang='lat' dir='ltr'>diis</span> <span class='ocrx_word' id='word_1_60' title='bbox 1199 794 1350 852; x_wconf 87' lang='lat' dir='ltr'>immortu-</span> 
     </span>
     <span class='ocr_line' id='line_1_7' title="bbox 176 880 1349 962; baseline -0.001 -20"><span class='ocrx_word' id='word_1_61' title='bbox 176 882 252 943; x_wconf 83' lang='lat' dir='ltr'>litus</span> <span class='ocrx_word' id='word_1_62' title='bbox 266 884 367 958; x_wconf 72' lang='lat' dir='ltr'>prelio</span> <span class='ocrx_word' id='word_1_63' title='bbox 381 883 482 943; x_wconf 80' lang='lat' dir='ltr'>haberi</span> <span class='ocrx_word' id='word_1_64' title='bbox 494 887 598 957; x_wconf 80' lang='lat' dir='ltr'>potest.</span> <span class='ocrx_word' id='word_1_65' title='bbox 635 880 782 942; x_wconf 78' lang='lat' dir='ltr'>Caecilius</span> <span class='ocrx_word' id='word_1_66' title='bbox 797 883 937 942; x_wconf 83' lang='lat' dir='ltr'>Metellus</span> <span class='ocrx_word' id='word_1_67' title='bbox 951 880 1129 942; x_wconf 74' lang='lat' dir='ltr'>Numidicus</span> <span class='ocrx_word' id='word_1_68' title='bbox 1142 901 1171 957; x_wconf 88' lang='lat' dir='ltr'>p.</span> <span class='ocrx_word' id='word_1_69' title='bbox 1188 883 1251 942; x_wconf 89' lang='grc'>275</span> <span class='ocrx_word' id='word_1_70' title='bbox 1266 887 1349 962; x_wconf 76' lang='grc'><strong>777777</strong></span> 
     </span>
     <span class='ocr_line' id='line_1_8' title="bbox 175 969 1350 1046; baseline 0 -16"><span class='ocrx_word' id='word_1_71' title='bbox 175 973 255 1032; x_wconf 82' lang='lat' dir='ltr'>uotis</span> <span class='ocrx_word' id='word_1_72' title='bbox 272 987 360 1046; x_wconf 74' lang='lat' dir='ltr'>quum</span> <span class='ocrx_word' id='word_1_73' title='bbox 377 972 449 1032; x_wconf 80' lang='lat' dir='ltr'>midi</span> <span class='ocrx_word' id='word_1_74' title='bbox 465 973 606 1032; x_wconf 85' lang='lat' dir='ltr'>maiorem</span> <span class='ocrx_word' id='word_1_75' title='bbox 628 974 778 1032; x_wconf 82' lang='lat' dir='ltr'>iniuriam.</span> <span class='ocrx_word' id='word_1_76' title='bbox 799 1003 839 1012; x_wconf 92' lang='lat'>-</span> <span class='ocrx_word' id='word_1_77' title='bbox 860 973 924 1032; x_wconf 89' lang='grc'>275</span> <span class='ocrx_word' id='word_1_78' title='bbox 945 990 1031 1031; x_wconf 84' lang='lat' dir='ltr'>suma</span> <span class='ocrx_word' id='word_1_79' title='bbox 1048 972 1087 1044; x_wconf 76' lang='lat' dir='ltr'>uf</span> <span class='ocrx_word' id='word_1_80' title='bbox 1101 969 1206 1045; x_wconf 77' lang='lat' dir='ltr'>Capua</span> <span class='ocrx_word' id='word_1_81' title='bbox 1224 971 1350 1045; x_wconf 76' lang='lat' dir='ltr'>Repium</span> 
     </span>
    </p>
   </div>
   <div class='ocr_carea' id='block_1_3' title="bbox 117 1058 1417 1761">
    <p class='ocr_par' dir='ltr' id='par_1_3' title="bbox 117 1058 1417 1494">
     <span class='ocr_line' id='line_1_9' title="bbox 173 1058 1350 1138; baseline 0.001 -18"><span class='ocrx_word' id='word_1_82' title='bbox 173 1063 272 1122; x_wconf 82' lang='lat' dir='ltr'>mettio</span> <span class='ocrx_word' id='word_1_83' title='bbox 293 1060 342 1120; x_wconf 88' lang='lat' dir='ltr'>hie</span> <span class='ocrx_word' id='word_1_84' title='bbox 364 1079 412 1120; x_wconf 90' lang='lat' dir='ltr'>me</span> <span class='ocrx_word' id='word_1_85' title='bbox 436 1077 559 1137; x_wconf 89' lang='lat' dir='ltr'>ponere,</span> <span class='ocrx_word' id='word_1_86' title='bbox 587 1062 623 1119; x_wconf 88' lang='lat' dir='ltr'>ut</span> <span class='ocrx_word' id='word_1_87' title='bbox 646 1061 718 1120; x_wconf 92' lang='lat' dir='ltr'>olim</span> <span class='ocrx_word' id='word_1_88' title='bbox 737 1061 834 1138; x_wconf 87' lang='lat' dir='ltr'>volui,</span> <span class='ocrx_word' id='word_1_89' title='bbox 857 1060 962 1121; x_wconf 80' lang='lat' dir='ltr'>indicis</span> <span class='ocrx_word' id='word_1_90' title='bbox 983 1058 1015 1119; x_wconf 87' lang='grc'>0.</span> <span class='ocrx_word' id='word_1_91' title='bbox 1029 1059 1053 1119; x_wconf 93' lang='lat' dir='ltr'>I.</span> <span class='ocrx_word' id='word_1_92' title='bbox 1067 1060 1102 1119; x_wconf 88' lang='lat' dir='ltr'>L.</span> <span class='ocrx_word' id='word_1_93' title='bbox 1116 1060 1132 1119; x_wconf 96' lang='lat' dir='ltr'><em>I</em></span> <span class='ocrx_word' id='word_1_94' title='bbox 1148 1080 1178 1136; x_wconf 92' lang='lat' dir='ltr'>p.</span> <span class='ocrx_word' id='word_1_95' title='bbox 1193 1060 1257 1121; x_wconf 87' lang='grc'><strong>596</strong></span> <span class='ocrx_word' id='word_1_96' title='bbox 1283 1080 1350 1121; x_wconf 83' lang='grc'><strong>777·</strong></span> 
     </span>
     <span class='ocr_line' id='line_1_10' title="bbox 173 1148 1348 1229; baseline 0.001 -21"><span class='ocrx_word' id='word_1_97' title='bbox 173 1151 325 1226; x_wconf 87' lang='lat' dir='ltr'>firmatus,</span> <span class='ocrx_word' id='word_1_98' title='bbox 349 1150 381 1209; x_wconf 90' lang='lat' dir='ltr'>in</span> <span class='ocrx_word' id='word_1_99' title='bbox 399 1169 458 1227; x_wconf 91' lang='lat' dir='ltr'>qno</span> <span class='ocrx_word' id='word_1_100' title='bbox 476 1168 561 1210; x_wconf 79' lang='lat' dir='ltr'>suma</span> <span class='ocrx_word' id='word_1_101' title='bbox 585 1150 640 1210; x_wconf 88' lang='lat' dir='ltr'>sub</span> <span class='ocrx_word' id='word_1_102' title='bbox 662 1169 795 1211; x_wconf 80' lang='lat' dir='ltr'>summus</span> <span class='ocrx_word' id='word_1_103' title='bbox 814 1152 1020 1229; x_wconf 83' lang='lat' dir='ltr'>enumeratur,</span> <span class='ocrx_word' id='word_1_104' title='bbox 1042 1148 1103 1209; x_wconf 92' lang='lat' dir='ltr'>iam</span> <span class='ocrx_word' id='word_1_105' title='bbox 1122 1153 1207 1210; x_wconf 78' lang='lat' dir='ltr'>vetat</span> <span class='ocrx_word' id='word_1_106' title='bbox 1225 1148 1348 1210; x_wconf 82' lang='lat' dir='ltr'>Catonis</span> 
     </span>
     <span class='ocr_line' id='line_1_11' title="bbox 174 1237 1347 1315; baseline 0 -16"><span class='ocrx_word' id='word_1_107' title='bbox 174 1257 285 1312; x_wconf 87' lang='lat' dir='ltr'>sermo,</span> <span class='ocrx_word' id='word_1_108' title='bbox 307 1237 356 1298; x_wconf 89' lang='lat' dir='ltr'>eui</span> <span class='ocrx_word' id='word_1_109' title='bbox 374 1238 447 1314; x_wconf 86' lang='lat' dir='ltr'>quin</span> <span class='ocrx_word' id='word_1_110' title='bbox 464 1239 495 1297; x_wconf 90' lang='lat' dir='ltr'>id</span> <span class='ocrx_word' id='word_1_111' title='bbox 513 1239 693 1300; x_wconf 83' lang='lat' dir='ltr'>vocabulum</span> <span class='ocrx_word' id='word_1_112' title='bbox 711 1239 934 1299; x_wconf 82' lang='lat' dir='ltr'>substantivum</span> <span class='ocrx_word' id='word_1_113' title='bbox 958 1238 1012 1315; x_wconf 85' lang='lat' dir='ltr'>ait,</span> <span class='ocrx_word' id='word_1_114' title='bbox 1036 1258 1094 1300; x_wconf 90' lang='lat' dir='ltr'>non</span> <span class='ocrx_word' id='word_1_115' title='bbox 1113 1238 1231 1298; x_wconf 89' lang='lat' dir='ltr'>dubito:</span> <span class='ocrx_word' id='word_1_116' title='bbox 1255 1239 1291 1299; x_wconf 85' lang='lat' dir='ltr'>of.</span> <span class='ocrx_word' id='word_1_117' title='bbox 1311 1240 1347 1299; x_wconf 89' lang='lat' dir='ltr'>de</span> 
     </span>
     <span class='ocr_line' id='line_1_12' title="bbox 117 1319 1417 1404; baseline 0.002 -17"><span class='ocrx_word' id='word_1_118' title='bbox 117 1319 119 1322; x_wconf 64' lang='grc'><strong>’</strong></span> <span class='ocrx_word' id='word_1_119' title='bbox 175 1347 202 1387; x_wconf 88' lang='grc'>7.</span> <span class='ocrx_word' id='word_1_120' title='bbox 221 1346 244 1387; x_wconf 89' lang='grc'>7.</span> <span class='ocrx_word' id='word_1_121' title='bbox 266 1329 349 1404; x_wconf 91' lang='grc'><strong>10,1</strong></span> <span class='ocrx_word' id='word_1_122' title='bbox 371 1329 487 1388; x_wconf 84' lang='lat' dir='ltr'>oilioum</span> <span class='ocrx_word' id='word_1_123' title='bbox 510 1330 627 1388; x_wconf 79' lang='lat' dir='ltr'>uilicum</span> <span class='ocrx_word' id='word_1_124' title='bbox 643 1373 739 1388; x_wconf 91' lang='grc'><strong>.....</strong></span> <span class='ocrx_word' id='word_1_125' title='bbox 757 1328 947 1389; x_wconf 77' lang='lat' dir='ltr'>subulcum]</span> <span class='ocrx_word' id='word_1_126' title='bbox 965 1329 1151 1402; x_wconf 80' lang='lat' dir='ltr'>epilmueml</span> <span class='ocrx_word' id='word_1_127' title='bbox 1168 1346 1283 1389; x_wconf 88' lang='lat' dir='ltr'>summu</span> <span class='ocrx_word' id='word_1_128' title='bbox 1301 1330 1348 1389; x_wconf 82' lang='lat' dir='ltr'>leo·</span> <span class='ocrx_word' id='word_1_129' title='bbox 1415 1366 1417 1370; x_wconf 68' lang='lat'>,</span> 
     </span>
     <span class='ocr_line' id='line_1_13' title="bbox 173 1415 975 1494; baseline 0.002 -19"><span class='ocrx_word' id='word_1_130' title='bbox 173 1419 265 1477; x_wconf 77' lang='lat' dir='ltr'>mines</span> <span class='ocrx_word' id='word_1_131' title='bbox 285 1417 382 1476; x_wconf 86' lang='lat' dir='ltr'><em>XIII.</em></span> <span class='ocrx_word' id='word_1_132' title='bbox 420 1417 460 1477; x_wconf 88' lang='lat' dir='ltr'>ib.</span> <span class='ocrx_word' id='word_1_133' title='bbox 478 1419 528 1493; x_wconf 87' lang='lat'>18,</span> <span class='ocrx_word' id='word_1_134' title='bbox 544 1419 572 1478; x_wconf 92' lang='grc'><strong>3.</strong></span> <span class='ocrx_word' id='word_1_135' title='bbox 612 1415 648 1478; x_wconf 82' lang='lat' dir='ltr'>cf.</span> <span class='ocrx_word' id='word_1_136' title='bbox 667 1417 764 1478; x_wconf 86' lang='lat' dir='ltr'>Varro</span> <span class='ocrx_word' id='word_1_137' title='bbox 779 1419 798 1478; x_wconf 89' lang='lat'>1.</span> <span class='ocrx_word' id='word_1_138' title='bbox 813 1419 834 1477; x_wconf 93' lang='lat' dir='ltr'>l.</span> <span class='ocrx_word' id='word_1_139' title='bbox 849 1417 884 1494; x_wconf 87' lang='lat' dir='ltr'>V,</span> <span class='ocrx_word' id='word_1_140' title='bbox 902 1419 975 1477; x_wconf 89' lang='grc'><strong>142.</strong></span> 
     </span>
    </p>

    <p class='ocr_par' dir='ltr' id='par_1_4' title="bbox 173 1503 1347 1761">
     <span class='ocr_line' id='line_1_14' title="bbox 261 1503 1347 1585; baseline 0 -19"><span class='ocrx_word' id='word_1_141' title='bbox 261 1505 502 1583; x_wconf 75' lang='lat' dir='ltr'>Respicientibus</span> <span class='ocrx_word' id='word_1_142' title='bbox 529 1507 567 1566; x_wconf 89' lang='lat' dir='ltr'>ed</span> <span class='ocrx_word' id='word_1_143' title='bbox 593 1508 712 1585; x_wconf 84' lang='lat' dir='ltr'>singula</span> <span class='ocrx_word' id='word_1_144' title='bbox 736 1508 822 1569; x_wconf 90' lang='lat' dir='ltr'>nobis</span> <span class='ocrx_word' id='word_1_145' title='bbox 848 1507 904 1567; x_wconf 90' lang='lat' dir='ltr'>hoe</span> <span class='ocrx_word' id='word_1_146' title='bbox 927 1503 1120 1566; x_wconf 89' lang='lat' dir='ltr'>statuendum</span> <span class='ocrx_word' id='word_1_147' title='bbox 1145 1524 1209 1566; x_wconf 89' lang='lat' dir='ltr'>esse</span> <span class='ocrx_word' id='word_1_148' title='bbox 1228 1524 1347 1566; x_wconf 81' lang='lat' dir='ltr'>censeo:</span> 
     </span>
     <span class='ocr_line' id='line_1_15' title="bbox 173 1595 1347 1671; baseline 0.002 -17"><span class='ocrx_word' id='word_1_149' title='bbox 173 1598 311 1656; x_wconf 80' lang='lat' dir='ltr'>auctores</span> <span class='ocrx_word' id='word_1_150' title='bbox 335 1596 514 1655; x_wconf 84' lang='lat' dir='ltr'>vetustiores</span> <span class='ocrx_word' id='word_1_151' title='bbox 538 1596 763 1657; x_wconf 80' lang='lat' dir='ltr'>substantivum</span> <span class='ocrx_word' id='word_1_152' title='bbox 788 1601 818 1656; x_wconf 89' lang='lat' dir='ltr'>et</span> <span class='ocrx_word' id='word_1_153' title='bbox 842 1595 1022 1657; x_wconf 85' lang='lat' dir='ltr'>adieetivum</span> <span class='ocrx_word' id='word_1_154' title='bbox 1052 1615 1089 1654; x_wconf 91' lang='lat' dir='ltr'>ne</span> <span class='ocrx_word' id='word_1_155' title='bbox 1113 1595 1225 1655; x_wconf 88' lang='lat' dir='ltr'>maiore</span> <span class='ocrx_word' id='word_1_156' title='bbox 1249 1598 1347 1671; x_wconf 89' lang='lat' dir='ltr'>spatio</span> 
     </span>
     <span class='ocr_line' id='line_1_16' title="bbox 173 1684 1345 1761; baseline 0.002 -18"><span class='ocrx_word' id='word_1_157' title='bbox 173 1684 325 1757; x_wconf 83' lang='lat' dir='ltr'>dirimant,</span> <span class='ocrx_word' id='word_1_158' title='bbox 346 1687 381 1744; x_wconf 90' lang='lat' dir='ltr'>nt</span> <span class='ocrx_word' id='word_1_159' title='bbox 398 1685 461 1743; x_wconf 87' lang='lat' dir='ltr'>fere</span> <span class='ocrx_word' id='word_1_160' title='bbox 475 1684 519 1759; x_wconf 88' lang='lat' dir='ltr'>lit,</span> <span class='ocrx_word' id='word_1_161' title='bbox 536 1685 643 1746; x_wconf 87' lang='lat' dir='ltr'>vitent.</span> <span class='ocrx_word' id='word_1_162' title='bbox 682 1685 746 1747; x_wconf 85' lang='lat' dir='ltr'>Heu</span> <span class='ocrx_word' id='word_1_163' title='bbox 763 1706 797 1745; x_wconf 91' lang='lat' dir='ltr'>re</span> <span class='ocrx_word' id='word_1_164' title='bbox 815 1704 882 1744; x_wconf 88' lang='lat' dir='ltr'>enm</span> <span class='ocrx_word' id='word_1_165' title='bbox 900 1684 1042 1745; x_wconf 89' lang='lat' dir='ltr'>Nordeno</span> <span class='ocrx_word' id='word_1_166' title='bbox 1061 1684 1080 1743; x_wconf 93' lang='lat' dir='ltr'>l.</span> <span class='ocrx_word' id='word_1_167' title='bbox 1096 1703 1119 1745; x_wconf 88' lang='grc'>7.</span> <span class='ocrx_word' id='word_1_168' title='bbox 1133 1705 1161 1761; x_wconf 90' lang='lat' dir='ltr'>p.</span> <span class='ocrx_word' id='word_1_169' title='bbox 1180 1687 1241 1744; x_wconf 91' lang='grc'>179</span> <span class='ocrx_word' id='word_1_170' title='bbox 1261 1685 1345 1745; x_wconf 83' lang='lat' dir='ltr'>facio.</span> 
     </span>
    </p>
   </div>
   <div class='ocr_carea' id='block_1_4' title="bbox 68 1772 1347 1851">
    <p class='ocr_par' dir='ltr' id='par_1_5' title="bbox 68 1772 1347 1851">
     <span class='ocr_line' id='line_1_17' title="bbox 68 1772 1347 1851; baseline 0.002 -19"><span class='ocrx_word' id='word_1_171' title='bbox 68 1791 72 1795; x_wconf 92' lang='grc'><strong><em>·</em></strong></span> <span class='ocrx_word' id='word_1_172' title='bbox 173 1772 223 1832; x_wconf 88' lang='grc'>177</span> <span class='ocrx_word' id='word_1_173' title='bbox 240 1773 404 1850; x_wconf 88' lang='lat' dir='ltr'>plurimum</span> <span class='ocrx_word' id='word_1_174' title='bbox 423 1792 516 1833; x_wconf 88' lang='lat' dir='ltr'>unum</span> <span class='ocrx_word' id='word_1_175' title='bbox 534 1775 713 1835; x_wconf 80' lang='lat' dir='ltr'>vocabulum</span> <span class='ocrx_word' id='word_1_176' title='bbox 726 1775 918 1835; x_wconf 76' lang='lat' dir='ltr'>interiectum</span> <span class='ocrx_word' id='word_1_177' title='bbox 933 1793 999 1835; x_wconf 85' lang='lat' dir='ltr'>ease</span> <span class='ocrx_word' id='word_1_178' title='bbox 1013 1774 1215 1834; x_wconf 86' lang='lat' dir='ltr'>observamus.</span> <span class='ocrx_word' id='word_1_179' title='bbox 1242 1773 1347 1851; x_wconf 86' lang='lat' dir='ltr'>Neque</span> 
     </span>
    </p>
   </div>
   <div class='ocr_carea' id='block_1_5' title="bbox 168 1862 1347 3546">
    <p class='ocr_par' dir='ltr' id='par_1_6' title="bbox 168 1862 1347 3454">
     <span class='ocr_line' id='line_1_18' title="bbox 173 1862 1347 1941; baseline 0.002 -21"><span class='ocrx_word' id='word_1_180' title='bbox 173 1862 211 1921; x_wconf 88' lang='lat' dir='ltr'>de</span> <span class='ocrx_word' id='word_1_181' title='bbox 229 1862 291 1923; x_wconf 91' lang='lat' dir='ltr'>illis</span> <span class='ocrx_word' id='word_1_182' title='bbox 314 1863 388 1923; x_wconf 85' lang='lat' dir='ltr'>loeis</span> <span class='ocrx_word' id='word_1_183' title='bbox 411 1865 505 1924; x_wconf 87' lang='lat' dir='ltr'>verba</span> <span class='ocrx_word' id='word_1_184' title='bbox 528 1863 650 1941; x_wconf 84' lang='lat' dir='ltr'>feoiam,</span> <span class='ocrx_word' id='word_1_185' title='bbox 674 1864 782 1941; x_wconf 88' lang='lat' dir='ltr'>quibus</span> <span class='ocrx_word' id='word_1_186' title='bbox 806 1864 843 1924; x_wconf 89' lang='lat' dir='ltr'>de</span> <span class='ocrx_word' id='word_1_187' title='bbox 865 1864 982 1924; x_wconf 90' lang='lat' dir='ltr'>dnobus</span> <span class='ocrx_word' id='word_1_188' title='bbox 1005 1862 1105 1923; x_wconf 91' lang='lat' dir='ltr'>verbis</span> <span class='ocrx_word' id='word_1_189' title='bbox 1123 1862 1260 1939; x_wconf 79' lang='lat' dir='ltr'>insertis,</span> <span class='ocrx_word' id='word_1_190' title='bbox 1280 1883 1347 1923; x_wconf 90' lang='lat' dir='ltr'>enm</span> 
     </span>
     <span class='ocr_line' id='line_1_19' title="bbox 174 1951 1347 2030; baseline 0 -19"><span class='ocrx_word' id='word_1_191' title='bbox 174 1952 261 2030; x_wconf 86' lang='lat' dir='ltr'>quasi</span> <span class='ocrx_word' id='word_1_192' title='bbox 285 1970 378 2011; x_wconf 87' lang='lat' dir='ltr'>unam</span> <span class='ocrx_word' id='word_1_193' title='bbox 404 1952 558 2013; x_wconf 90' lang='lat' dir='ltr'>notionem</span> <span class='ocrx_word' id='word_1_194' title='bbox 583 1952 728 2027; x_wconf 82' lang='lat' dir='ltr'>efficiant,</span> <span class='ocrx_word' id='word_1_195' title='bbox 753 1954 863 2029; x_wconf 82' lang='lat' dir='ltr'>agitur.</span> <span class='ocrx_word' id='word_1_196' title='bbox 907 1951 1020 2012; x_wconf 78' lang='lat' dir='ltr'>Contra</span> <span class='ocrx_word' id='word_1_197' title='bbox 1043 1956 1189 2029; x_wconf 86' lang='lat' dir='ltr'>quantum</span> <span class='ocrx_word' id='word_1_198' title='bbox 1215 1952 1347 2030; x_wconf 87' lang='lat' dir='ltr'>spatium</span> 
     </span>
     <span class='ocr_line' id='line_1_20' title="bbox 173 2040 1346 2116; baseline 0.002 -16"><span class='ocrx_word' id='word_1_199' title='bbox 173 2040 240 2101; x_wconf 88' lang='lat' dir='ltr'>fieri</span> <span class='ocrx_word' id='word_1_200' title='bbox 258 2041 378 2102; x_wconf 80' lang='lat' dir='ltr'>licuisse</span> <span class='ocrx_word' id='word_1_201' title='bbox 397 2042 484 2102; x_wconf 89' lang='lat' dir='ltr'>nobis</span> <span class='ocrx_word' id='word_1_202' title='bbox 502 2042 692 2102; x_wconf 81' lang='lat' dir='ltr'>indicandum</span> <span class='ocrx_word' id='word_1_203' title='bbox 712 2043 752 2102; x_wconf 92' lang='lat' dir='ltr'>sit</span> <span class='ocrx_word' id='word_1_204' title='bbox 769 2043 843 2102; x_wconf 85' lang='lat' dir='ltr'>haee</span> <span class='ocrx_word' id='word_1_205' title='bbox 862 2041 1123 2102; x_wconf 84' lang='lat' dir='ltr'>demonstrabunt:</span> <span class='ocrx_word' id='word_1_206' title='bbox 1142 2043 1217 2116; x_wconf 89' lang='grc'><strong>293,</strong></span> <span class='ocrx_word' id='word_1_207' title='bbox 1230 2045 1269 2103; x_wconf 89' lang='grc'>15</span> <span class='ocrx_word' id='word_1_208' title='bbox 1289 2060 1346 2102; x_wconf 83' lang='lat' dir='ltr'>eos-</span> 
     </span>
     <span class='ocr_line' id='line_1_21' title="bbox 173 2132 1347 2208; baseline 0.002 -18"><span class='ocrx_word' id='word_1_209' title='bbox 173 2148 227 2203; x_wconf 76' lang='lat' dir='ltr'>que</span> <span class='ocrx_word' id='word_1_210' title='bbox 244 2133 323 2191; x_wconf 84' lang='lat' dir='ltr'>viros</span> <span class='ocrx_word' id='word_1_211' title='bbox 341 2148 412 2205; x_wconf 78' lang='lat' dir='ltr'>quos</span> <span class='ocrx_word' id='word_1_212' title='bbox 430 2149 464 2191; x_wconf 88' lang='grc'>777</span> <span class='ocrx_word' id='word_1_213' title='bbox 481 2132 508 2191; x_wconf 88' lang='grc'>7.</span> <span class='ocrx_word' id='word_1_214' title='bbox 527 2132 546 2192; x_wconf 93' lang='grc'>7.</span> <span class='ocrx_word' id='word_1_215' title='bbox 565 2133 677 2207; x_wconf 75' lang='lat' dir='ltr'>deperit,</span> <span class='ocrx_word' id='word_1_216' title='bbox 700 2134 728 2192; x_wconf 89' lang='lat' dir='ltr'>is</span> <span class='ocrx_word' id='word_1_217' title='bbox 739 2150 790 2208; x_wconf 85' lang='lat' dir='ltr'>pr.</span> <span class='ocrx_word' id='word_1_218' title='bbox 808 2149 906 2192; x_wconf 82' lang='lat' dir='ltr'>omues</span> <span class='ocrx_word' id='word_1_219' title='bbox 923 2133 956 2191; x_wconf 84' lang='lat' dir='ltr'>iu</span> <span class='ocrx_word' id='word_1_220' title='bbox 974 2132 1092 2191; x_wconf 78' lang='lat' dir='ltr'>taboleia</span> <span class='ocrx_word' id='word_1_221' title='bbox 1098 2175 1218 2192; x_wconf 86' lang='grc'><strong>......</strong></span> <span class='ocrx_word' id='word_1_222' title='bbox 1225 2133 1347 2206; x_wconf 71' lang='lat' dir='ltr'>scriptos</span> 
     </span>
     <span class='ocr_line' id='line_1_22' title="bbox 172 2215 1345 2297; baseline 0.001 -19"><span class='ocrx_word' id='word_1_223' title='bbox 172 2222 205 2278; x_wconf 87' lang='lat' dir='ltr'>iu</span> <span class='ocrx_word' id='word_1_224' title='bbox 218 2224 358 2294; x_wconf 85' lang='lat' dir='ltr'>perpetuo</span> <span class='ocrx_word' id='word_1_225' title='bbox 375 2220 483 2281; x_wconf 83' lang='grc'><strong>775777.</strong></span> <span class='ocrx_word' id='word_1_226' title='bbox 521 2222 595 2297; x_wconf 87' lang='grc'><strong>295,</strong></span> <span class='ocrx_word' id='word_1_227' title='bbox 612 2222 654 2281; x_wconf 89' lang='grc'>74</span> <span class='ocrx_word' id='word_1_228' title='bbox 678 2239 732 2294; x_wconf 79' lang='lat' dir='ltr'>quo</span> <span class='ocrx_word' id='word_1_229' title='bbox 754 2215 817 2297; x_wconf 83' lang='lat' dir='ltr'>pre</span> <span class='ocrx_word' id='word_1_230' title='bbox 830 2239 900 2297; x_wconf 71' lang='lat' dir='ltr'>uero</span> <span class='ocrx_word' id='word_1_231' title='bbox 918 2221 978 2282; x_wconf 89' lang='lat' dir='ltr'>loeo</span> <span class='ocrx_word' id='word_1_232' title='bbox 995 2223 1068 2296; x_wconf 81' lang='lat' dir='ltr'>sutis</span> <span class='ocrx_word' id='word_1_233' title='bbox 1086 2239 1120 2281; x_wconf 84' lang='grc'>77</span> <span class='ocrx_word' id='word_1_234' title='bbox 1137 2221 1165 2280; x_wconf 89' lang='grc'>7.</span> <span class='ocrx_word' id='word_1_235' title='bbox 1184 2223 1202 2280; x_wconf 91' lang='lat' dir='ltr'>l.</span> <span class='ocrx_word' id='word_1_236' title='bbox 1221 2223 1282 2280; x_wconf 86' lang='lat' dir='ltr'>orb.</span> <span class='ocrx_word' id='word_1_237' title='bbox 1297 2240 1345 2295; x_wconf 84' lang='lat' dir='ltr'>pr.</span> 
     </span>
     <span class='ocr_line' id='line_1_23' title="bbox 173 2308 1346 2387; baseline 0.003 -20"><span class='ocrx_word' id='word_1_238' title='bbox 173 2311 378 2383; x_wconf 72' lang='lat' dir='ltr'>supeieuotum</span> <span class='ocrx_word' id='word_1_239' title='bbox 394 2327 453 2369; x_wconf 86' lang='grc'><strong>77777</strong></span> <span class='ocrx_word' id='word_1_240' title='bbox 472 2311 532 2370; x_wconf 86' lang='lat' dir='ltr'>erit.</span> <span class='ocrx_word' id='word_1_241' title='bbox 561 2309 598 2370; x_wconf 87' lang='lat' dir='ltr'>ef.</span> <span class='ocrx_word' id='word_1_242' title='bbox 619 2310 681 2369; x_wconf 84' lang='lat'>311</span> <span class='ocrx_word' id='word_1_243' title='bbox 702 2309 733 2371; x_wconf 96' lang='grc' dir='ltr'>1Ι</span> <span class='ocrx_word' id='word_1_244' title='bbox 752 2313 804 2387; x_wconf 87' lang='grc'>35,</span> <span class='ocrx_word' id='word_1_245' title='bbox 818 2313 870 2371; x_wconf 89' lang='grc'>40.</span> <span class='ocrx_word' id='word_1_246' title='bbox 903 2308 977 2370; x_wconf 80' lang='lat' dir='ltr'>Cato</span> <span class='ocrx_word' id='word_1_247' title='bbox 998 2310 1034 2370; x_wconf 88' lang='lat' dir='ltr'>de</span> <span class='ocrx_word' id='word_1_248' title='bbox 1053 2330 1078 2369; x_wconf 92' lang='grc'>7.</span> <span class='ocrx_word' id='word_1_249' title='bbox 1098 2327 1122 2369; x_wconf 90' lang='grc'>7.</span> <span class='ocrx_word' id='word_1_250' title='bbox 1142 2311 1226 2385; x_wconf 91' lang='grc'><strong>10,1</strong></span> <span class='ocrx_word' id='word_1_251' title='bbox 1248 2313 1346 2384; x_wconf 82' lang='lat' dir='ltr'>netues</span> 
     </span>
     <span class='ocr_line' id='line_1_24' title="bbox 173 2399 1347 2477; baseline 0.003 -20"><span class='ocrx_word' id='word_1_252' title='bbox 173 2402 291 2459; x_wconf 86' lang='lat' dir='ltr'>eruutos</span> <span class='ocrx_word' id='word_1_253' title='bbox 309 2399 473 2460; x_wconf 81' lang='lat' dir='ltr'>clitellarios</span> <span class='ocrx_word' id='word_1_254' title='bbox 492 2400 542 2474; x_wconf 78' lang='lat' dir='ltr'>qui</span> <span class='ocrx_word' id='word_1_255' title='bbox 560 2403 669 2462; x_wconf 83' lang='lat' dir='ltr'>stereus</span> <span class='ocrx_word' id='word_1_256' title='bbox 686 2404 805 2468; x_wconf 77' lang='lat' dir='ltr'>nectent,</span> <span class='ocrx_word' id='word_1_257' title='bbox 829 2402 891 2461; x_wconf 75' lang='lat' dir='ltr'>tris.</span> <span class='ocrx_word' id='word_1_258' title='bbox 935 2401 985 2477; x_wconf 90' lang='grc'>10,</span> <span class='ocrx_word' id='word_1_259' title='bbox 1000 2400 1020 2458; x_wconf 92' lang='grc'><strong>4</strong></span> <span class='ocrx_word' id='word_1_260' title='bbox 1043 2399 1122 2460; x_wconf 87' lang='lat' dir='ltr'>doliu</span> <span class='ocrx_word' id='word_1_261' title='bbox 1140 2417 1196 2473; x_wconf 77' lang='lat' dir='ltr'>que</span> <span class='ocrx_word' id='word_1_262' title='bbox 1213 2401 1347 2460; x_wconf 84' lang='lat' dir='ltr'>uiuooeos</span> 
     </span>
     <span class='ocr_line' id='line_1_25' title="bbox 173 2487 1346 2565; baseline 0.001 -18"><span class='ocrx_word' id='word_1_263' title='bbox 173 2490 278 2548; x_wconf 84' lang='grc'><strong>77777777</strong></span> <span class='ocrx_word' id='word_1_264' title='bbox 294 2487 399 2549; x_wconf 77' lang='lat' dir='ltr'>decem.</span> <span class='ocrx_word' id='word_1_265' title='bbox 435 2490 486 2565; x_wconf 90' lang='grc'>14,</span> <span class='ocrx_word' id='word_1_266' title='bbox 503 2492 521 2549; x_wconf 92' lang='grc'><strong>2</strong></span> <span class='ocrx_word' id='word_1_267' title='bbox 535 2490 633 2565; x_wconf 86' lang='lat' dir='ltr'>pilum</span> <span class='ocrx_word' id='word_1_268' title='bbox 649 2491 701 2550; x_wconf 86' lang='lat' dir='ltr'>ubi</span> <span class='ocrx_word' id='word_1_269' title='bbox 714 2491 841 2551; x_wconf 81' lang='lat' dir='ltr'>triticum</span> <span class='ocrx_word' id='word_1_270' title='bbox 854 2491 972 2563; x_wconf 77' lang='lat' dir='ltr'>pimut,</span> <span class='ocrx_word' id='word_1_271' title='bbox 991 2507 1090 2548; x_wconf 87' lang='lat' dir='ltr'>uuum.</span> <span class='ocrx_word' id='word_1_272' title='bbox 1128 2489 1179 2561; x_wconf 92' lang='grc'>41,</span> <span class='ocrx_word' id='word_1_273' title='bbox 1196 2491 1215 2548; x_wconf 80' lang='lat'>2</span> <span class='ocrx_word' id='word_1_274' title='bbox 1234 2490 1346 2562; x_wconf 79' lang='lat' dir='ltr'>oblique</span> 
     </span>
     <span class='ocr_line' id='line_1_26' title="bbox 171 2578 1346 2656; baseline 0.002 -20"><span class='ocrx_word' id='word_1_275' title='bbox 171 2579 247 2637; x_wconf 87' lang='lat' dir='ltr'>iuter</span> <span class='ocrx_word' id='word_1_276' title='bbox 272 2595 332 2638; x_wconf 82' lang='lat' dir='ltr'>sese</span> <span class='ocrx_word' id='word_1_277' title='bbox 357 2578 513 2639; x_wconf 83' lang='lat' dir='ltr'>medullam</span> <span class='ocrx_word' id='word_1_278' title='bbox 539 2597 604 2640; x_wconf 86' lang='lat' dir='ltr'>eum</span> <span class='ocrx_word' id='word_1_279' title='bbox 628 2580 755 2639; x_wconf 83' lang='lat' dir='ltr'>medulla</span> <span class='ocrx_word' id='word_1_280' title='bbox 781 2580 854 2638; x_wconf 86' lang='lat' dir='ltr'>titre</span> <span class='ocrx_word' id='word_1_281' title='bbox 877 2581 1026 2653; x_wconf 74' lang='lat' dir='ltr'>muliuote.</span> <span class='ocrx_word' id='word_1_282' title='bbox 1064 2579 1176 2656; x_wconf 85' lang='grc'><strong>156,2</strong></span> <span class='ocrx_word' id='word_1_283' title='bbox 1202 2578 1346 2638; x_wconf 85' lang='lat' dir='ltr'>etuumsi</span> 
     </span>
     <span class='ocr_line' id='line_1_27' title="bbox 171 2667 1344 2742; baseline 0.001 -16"><span class='ocrx_word' id='word_1_284' title='bbox 171 2668 247 2726; x_wconf 83' lang='lat' dir='ltr'>uetes</span> <span class='ocrx_word' id='word_1_285' title='bbox 269 2669 377 2727; x_wconf 79' lang='lat' dir='ltr'>deicere</span> <span class='ocrx_word' id='word_1_286' title='bbox 398 2670 583 2742; x_wconf 84' lang='lat' dir='ltr'>superiorem.</span> <span class='ocrx_word' id='word_1_287' title='bbox 627 2667 784 2729; x_wconf 82' lang='lat' dir='ltr'>(lomelius</span> <span class='ocrx_word' id='word_1_288' title='bbox 808 2667 932 2728; x_wconf 84' lang='lat' dir='ltr'>Sisenna</span> <span class='ocrx_word' id='word_1_289' title='bbox 955 2669 991 2729; x_wconf 87' lang='lat' dir='ltr'>fr.</span> <span class='ocrx_word' id='word_1_290' title='bbox 1016 2669 1055 2727; x_wconf 87' lang='grc'><strong>73</strong></span> <span class='ocrx_word' id='word_1_291' title='bbox 1079 2670 1205 2727; x_wconf 82' lang='lat' dir='ltr'>iuerruos</span> <span class='ocrx_word' id='word_1_292' title='bbox 1227 2671 1344 2735; x_wconf 84' lang='lat' dir='ltr'>armati,</span> 
     </span>
     <span class='ocr_line' id='line_1_28' title="bbox 170 2755 1344 2831; baseline 0 -16"><span class='ocrx_word' id='word_1_293' title='bbox 170 2757 321 2830; x_wconf 75' lang='lat' dir='ltr'>impeditos</span> <span class='ocrx_word' id='word_1_294' title='bbox 334 2759 457 2831; x_wconf 75' lang='lat' dir='ltr'>expediti</span> <span class='ocrx_word' id='word_1_295' title='bbox 469 2760 532 2817; x_wconf 82' lang='lat' dir='ltr'>siue</span> <span class='ocrx_word' id='word_1_296' title='bbox 544 2758 605 2818; x_wconf 85' lang='grc'><strong>77777</strong></span> <span class='ocrx_word' id='word_1_297' title='bbox 618 2776 737 2818; x_wconf 78' lang='lat' dir='ltr'>morum</span> <span class='ocrx_word' id='word_1_298' title='bbox 746 2758 988 2818; x_wconf 78' lang='lat' dir='ltr'>vuluereeuuelos</span> <span class='ocrx_word' id='word_1_299' title='bbox 997 2759 1181 2828; x_wconf 80' lang='lat' dir='ltr'>iuteriioiuut.</span> <span class='ocrx_word' id='word_1_300' title='bbox 1206 2755 1237 2815; x_wconf 87' lang='grc'>0.</span> <span class='ocrx_word' id='word_1_301' title='bbox 1246 2757 1344 2815; x_wconf 85' lang='lat' dir='ltr'>Titius</span> 
     </span>
     <span class='ocr_line' id='line_1_29' title="bbox 171 2844 1342 2922; baseline 0.001 -20"><span class='ocrx_word' id='word_1_302' title='bbox 171 2865 200 2920; x_wconf 87' lang='lat' dir='ltr'>p.</span> <span class='ocrx_word' id='word_1_303' title='bbox 220 2846 285 2903; x_wconf 90' lang='grc'>204</span> <span class='ocrx_word' id='word_1_304' title='bbox 303 2847 386 2905; x_wconf 86' lang='lat' dir='ltr'>uultu</span> <span class='ocrx_word' id='word_1_305' title='bbox 405 2848 486 2920; x_wconf 85' lang='lat' dir='ltr'>apud</span> <span class='ocrx_word' id='word_1_306' title='bbox 506 2864 551 2906; x_wconf 91' lang='lat' dir='ltr'>me</span> <span class='ocrx_word' id='word_1_307' title='bbox 568 2849 626 2921; x_wconf 82' lang='lat' dir='ltr'>fuit</span> <span class='ocrx_word' id='word_1_308' title='bbox 642 2850 765 2921; x_wconf 80' lang='lat' dir='ltr'>popina.</span> <span class='ocrx_word' id='word_1_309' title='bbox 803 2845 835 2905; x_wconf 89' lang='lat' dir='ltr'>C.</span> <span class='ocrx_word' id='word_1_310' title='bbox 854 2846 1046 2922; x_wconf 87' lang='lat' dir='ltr'>Sempronius</span> <span class='ocrx_word' id='word_1_311' title='bbox 1066 2844 1217 2905; x_wconf 82' lang='lat' dir='ltr'>Gracchus</span> <span class='ocrx_word' id='word_1_312' title='bbox 1235 2865 1264 2920; x_wconf 86' lang='lat' dir='ltr'>p.</span> <span class='ocrx_word' id='word_1_313' title='bbox 1280 2848 1342 2905; x_wconf 90' lang='grc'>231</span> 
     </span>
     <span class='ocr_line' id='line_1_30' title="bbox 170 2932 1343 3011; baseline 0.002 -20"><span class='ocrx_word' id='word_1_314' title='bbox 170 2936 255 2992; x_wconf 85' lang='lat' dir='ltr'>mulla</span> <span class='ocrx_word' id='word_1_315' title='bbox 269 2937 311 2992; x_wconf 85' lang='lat' dir='ltr'>est</span> <span class='ocrx_word' id='word_1_316' title='bbox 323 2936 355 2993; x_wconf 87' lang='grc'>777</span> <span class='ocrx_word' id='word_1_317' title='bbox 368 2937 524 3008; x_wconf 74' lang='lat' dir='ltr'>aupipertu</span> <span class='ocrx_word' id='word_1_318' title='bbox 541 2935 690 3008; x_wconf 81' lang='lat' dir='ltr'>empturo.</span> <span class='ocrx_word' id='word_1_319' title='bbox 728 2932 874 2993; x_wconf 84' lang='lat' dir='ltr'>aneilius</span> <span class='ocrx_word' id='word_1_320' title='bbox 888 2934 1027 2994; x_wconf 86' lang='lat' dir='ltr'>Metellus</span> <span class='ocrx_word' id='word_1_321' title='bbox 1041 2934 1217 2993; x_wconf 83' lang='lat' dir='ltr'>Numidicus</span> <span class='ocrx_word' id='word_1_322' title='bbox 1234 2954 1264 3011; x_wconf 94' lang='lat' dir='ltr'>p.</span> <span class='ocrx_word' id='word_1_323' title='bbox 1280 2936 1343 2993; x_wconf 88' lang='grc'>275</span> 
     </span>
     <span class='ocr_line' id='line_1_31' title="bbox 172 3023 1345 3096; baseline 0 -15"><span class='ocrx_word' id='word_1_324' title='bbox 172 3026 278 3094; x_wconf 80' lang='lat' dir='ltr'>quanto</span> <span class='ocrx_word' id='word_1_325' title='bbox 291 3023 380 3096; x_wconf 85' lang='lat' dir='ltr'>probi</span> <span class='ocrx_word' id='word_1_326' title='bbox 397 3025 539 3082; x_wconf 82' lang='lat' dir='ltr'>mimium</span> <span class='ocrx_word' id='word_1_327' title='bbox 561 3023 680 3096; x_wconf 77' lang='lat' dir='ltr'>faritius</span> <span class='ocrx_word' id='word_1_328' title='bbox 702 3025 856 3096; x_wconf 76' lang='lat' dir='ltr'>occipiunt.</span> <span class='ocrx_word' id='word_1_329' title='bbox 875 3054 920 3063; x_wconf 96' lang='lat'><em>-</em></span> <span class='ocrx_word' id='word_1_330' title='bbox 937 3023 977 3083; x_wconf 92' lang='lat' dir='ltr'>ib.</span> <span class='ocrx_word' id='word_1_331' title='bbox 997 3027 1075 3081; x_wconf 86' lang='lat' dir='ltr'>tauto</span> <span class='ocrx_word' id='word_1_332' title='bbox 1093 3024 1141 3082; x_wconf 86' lang='lat' dir='ltr'>iiie</span> <span class='ocrx_word' id='word_1_333' title='bbox 1158 3025 1239 3082; x_wconf 81' lang='lat' dir='ltr'>uobis</span> <span class='ocrx_word' id='word_1_334' title='bbox 1256 3041 1345 3096; x_wconf 81' lang='lat' dir='ltr'>quum</span> 
     </span>
     <span class='ocr_line' id='line_1_32' title="bbox 171 3104 1343 3190; baseline 0.003 -22"><span class='ocrx_word' id='word_1_335' title='bbox 171 3111 242 3170; x_wconf 84' lang='grc'><strong>777777</strong></span> <span class='ocrx_word' id='word_1_336' title='bbox 262 3113 391 3184; x_wconf 79' lang='lat' dir='ltr'>peiorem</span> <span class='ocrx_word' id='word_1_337' title='bbox 418 3112 554 3172; x_wconf 82' lang='grc'><strong>7777777777</strong></span> <span class='ocrx_word' id='word_1_338' title='bbox 580 3112 689 3172; x_wconf 80' lang='lat' dir='ltr'>detuit.</span> <span class='ocrx_word' id='word_1_339' title='bbox 731 3104 1343 3190; x_wconf 56' lang='grc'><strong>7717171718777777777777777-</strong></span> 
     </span>
     <span class='ocr_line' id='line_1_33' title="bbox 169 3200 1341 3277; baseline 0.002 -18"><span class='ocrx_word' id='word_1_340' title='bbox 169 3205 276 3259; x_wconf 82' lang='lat' dir='ltr'>suutru</span> <span class='ocrx_word' id='word_1_341' title='bbox 293 3218 369 3274; x_wconf 83' lang='lat' dir='ltr'>supu</span> <span class='ocrx_word' id='word_1_342' title='bbox 383 3201 564 3261; x_wconf 85' lang='lat' dir='ltr'>eresteHuie</span> <span class='ocrx_word' id='word_1_343' title='bbox 577 3201 699 3262; x_wconf 77' lang='grc'><strong>77777777</strong></span> <span class='ocrx_word' id='word_1_344' title='bbox 706 3246 825 3261; x_wconf 88' lang='lat'><strong>......</strong></span> <span class='ocrx_word' id='word_1_345' title='bbox 829 3204 992 3276; x_wconf 84' lang='lat' dir='ltr'>purtuoitu.</span> <span class='ocrx_word' id='word_1_346' title='bbox 1025 3201 1190 3277; x_wconf 79' lang='grc'><strong>171.19,22.</strong></span> <span class='ocrx_word' id='word_1_347' title='bbox 1209 3200 1341 3273; x_wconf 81' lang='grc'><strong>1711113</strong></span> 
     </span>
     <span class='ocr_line' id='line_1_34' title="bbox 169 3288 1343 3365; baseline -0.001 -15"><span class='ocrx_word' id='word_1_348' title='bbox 169 3291 295 3363; x_wconf 72' lang='grc'><strong>7777777777</strong></span> <span class='ocrx_word' id='word_1_349' title='bbox 322 3291 413 3363; x_wconf 76' lang='lat' dir='ltr'>utros</span> <span class='ocrx_word' id='word_1_350' title='bbox 430 3292 488 3363; x_wconf 76' lang='lat' dir='ltr'>tris</span> <span class='ocrx_word' id='word_1_351' title='bbox 504 3292 565 3364; x_wconf 79' lang='lat' dir='ltr'>fetu</span> <span class='ocrx_word' id='word_1_352' title='bbox 586 3291 675 3351; x_wconf 83' lang='grc'><strong>777777</strong></span> <span class='ocrx_word' id='word_1_353' title='bbox 696 3292 774 3364; x_wconf 80' lang='lat' dir='ltr'>refu,</span> <span class='ocrx_word' id='word_1_354' title='bbox 796 3292 885 3351; x_wconf 75' lang='lat' dir='ltr'>hertei</span> <span class='ocrx_word' id='word_1_355' title='bbox 905 3293 986 3365; x_wconf 87' lang='lat' dir='ltr'>peiu.</span> <span class='ocrx_word' id='word_1_356' title='bbox 1023 3288 1149 3348; x_wconf 87' lang='lat' dir='ltr'><em>VIIB1</em></span> <span class='ocrx_word' id='word_1_357' title='bbox 1178 3308 1241 3349; x_wconf 83' lang='grc'><strong>7777</strong></span> <span class='ocrx_word' id='word_1_358' title='bbox 1263 3308 1343 3349; x_wconf 81' lang='lat' dir='ltr'>erese</span> 
     </span>
     <span class='ocr_line' id='line_1_35' title="bbox 168 3379 1047 3454; baseline 0 -16"><span class='ocrx_word' id='word_1_359' title='bbox 168 3382 324 3454; x_wconf 81' lang='lat' dir='ltr'>fratreeute</span> <span class='ocrx_word' id='word_1_360' title='bbox 335 3382 458 3453; x_wconf 82' lang='lat' dir='ltr'>porteto</span> <span class='ocrx_word' id='word_1_361' title='bbox 475 3397 594 3440; x_wconf 81' lang='lat' dir='ltr'>seraone</span> <span class='ocrx_word' id='word_1_362' title='bbox 610 3382 737 3454; x_wconf 74' lang='lat' dir='ltr'>fratrem</span> <span class='ocrx_word' id='word_1_363' title='bbox 754 3379 882 3440; x_wconf 81' lang='lat' dir='ltr'>Atiereie</span> <span class='ocrx_word' id='word_1_364' title='bbox 901 3381 1047 3453; x_wconf 76' lang='lat' dir='ltr'>desereduf.</span> 
     </span>
    </p>

    <p class='ocr_par' dir='ltr' id='par_1_7' title="bbox 259 3467 1340 3546">
     <span class='ocr_line' id='line_1_36' title="bbox 259 3467 1340 3546; baseline -0.002 -17"><span class='ocrx_word' id='word_1_365' title='bbox 259 3470 323 3529; x_wconf 88' lang='lat' dir='ltr'>Iam</span> <span class='ocrx_word' id='word_1_366' title='bbox 350 3469 453 3546; x_wconf 83' lang='lat' dir='ltr'>alique</span> <span class='ocrx_word' id='word_1_367' title='bbox 479 3468 652 3546; x_wconf 82' lang='lat' dir='ltr'>gerundivo,</span> <span class='ocrx_word' id='word_1_368' title='bbox 680 3487 757 3546; x_wconf 87' lang='lat' dir='ltr'>quae</span> <span class='ocrx_word' id='word_1_369' title='bbox 786 3470 843 3529; x_wconf 89' lang='lat' dir='ltr'>huo</span> <span class='ocrx_word' id='word_1_370' title='bbox 871 3469 1027 3529; x_wconf 87' lang='lat' dir='ltr'>referende</span> <span class='ocrx_word' id='word_1_371' title='bbox 1054 3469 1136 3528; x_wconf 87' lang='lat' dir='ltr'>sunt:</span> <span class='ocrx_word' id='word_1_372' title='bbox 1165 3469 1229 3527; x_wconf 89' lang='grc'>309</span> <span class='ocrx_word' id='word_1_373' title='bbox 1249 3467 1340 3527; x_wconf 78' lang='lat'>1132</span> 
     </span>
    </p>
   </div>
   <div class='ocr_carea' id='block_1_6' title="bbox 78 3558 1343 3634">
    <p class='ocr_par' dir='ltr' id='par_1_8' title="bbox 78 3558 1343 3634">
     <span class='ocr_line' id='line_1_37' title="bbox 78 3558 1343 3634; baseline -0.001 -17"><span class='ocrx_word' id='word_1_374' title='bbox 78 3590 80 3593; x_wconf 94' lang='grc'>-</span> <span class='ocrx_word' id='word_1_375' title='bbox 170 3576 258 3631; x_wconf 79' lang='lat' dir='ltr'>quum</span> <span class='ocrx_word' id='word_1_376' title='bbox 281 3559 369 3634; x_wconf 72' lang='grc'><strong>779777</strong></span> <span class='ocrx_word' id='word_1_377' title='bbox 385 3560 544 3633; x_wconf 80' lang='lat' dir='ltr'>portorieis</span> <span class='ocrx_word' id='word_1_378' title='bbox 565 3561 748 3619; x_wconf 73' lang='lat' dir='ltr'>terrestribus</span> <span class='ocrx_word' id='word_1_379' title='bbox 770 3560 1005 3633; x_wconf 79' lang='lat' dir='ltr'>meritumeispue</span> <span class='ocrx_word' id='word_1_380' title='bbox 1029 3558 1196 3618; x_wconf 82' lang='lat' dir='ltr'>Termeuses</span> <span class='ocrx_word' id='word_1_381' title='bbox 1216 3560 1343 3617; x_wconf 86' lang='lat' dir='ltr'>maiores</span> 
     </span>
    </p>
   </div>
   <div class='ocr_carea' id='block_1_7' title="bbox 164 3647 1343 4532">
    <p class='ocr_par' dir='ltr' id='par_1_9' title="bbox 164 3647 1343 3988">
     <span class='ocr_line' id='line_1_38' title="bbox 170 3647 1343 3726; baseline -0.001 -20"><span class='ocrx_word' id='word_1_382' title='bbox 170 3647 308 3708; x_wconf 80' lang='lat' dir='ltr'>Ptisidue</span> <span class='ocrx_word' id='word_1_383' title='bbox 330 3649 500 3723; x_wconf 82' lang='lat' dir='ltr'>oopiuudeis</span> <span class='ocrx_word' id='word_1_384' title='bbox 522 3649 602 3708; x_wconf 85' lang='lat' dir='ltr'>iutro</span> <span class='ocrx_word' id='word_1_385' title='bbox 623 3667 691 3709; x_wconf 81' lang='lat' dir='ltr'>suos</span> <span class='ocrx_word' id='word_1_386' title='bbox 712 3650 787 3721; x_wconf 74' lang='lat' dir='ltr'>dues</span> <span class='ocrx_word' id='word_1_387' title='bbox 805 3649 967 3709; x_wconf 79' lang='lat' dir='ltr'>deterserint.</span> <span class='ocrx_word' id='word_1_388' title='bbox 1006 3650 1079 3726; x_wconf 88' lang='grc'><strong>312,</strong></span> <span class='ocrx_word' id='word_1_389' title='bbox 1094 3649 1137 3708; x_wconf 88' lang='grc'><strong>50</strong></span> <span class='ocrx_word' id='word_1_390' title='bbox 1155 3649 1227 3706; x_wconf 80' lang='lat' dir='ltr'>uiris</span> <span class='ocrx_word' id='word_1_391' title='bbox 1244 3649 1276 3705; x_wconf 88' lang='grc'>777</span> <span class='ocrx_word' id='word_1_392' title='bbox 1292 3667 1343 3705; x_wconf 91' lang='lat' dir='ltr'>ur-</span> 
     </span>
     <span class='ocr_line' id='line_1_39' title="bbox 170 3737 1343 3813; baseline 0 -17"><span class='ocrx_word' id='word_1_393' title='bbox 170 3738 233 3796; x_wconf 82' lang='lat' dir='ltr'>bem</span> <span class='ocrx_word' id='word_1_394' title='bbox 249 3740 439 3812; x_wconf 75' lang='lat' dir='ltr'>purpuredeir.</span> <span class='ocrx_word' id='word_1_395' title='bbox 475 3737 514 3797; x_wconf 92' lang='lat' dir='ltr'>ib.</span> <span class='ocrx_word' id='word_1_396' title='bbox 531 3740 571 3798; x_wconf 89' lang='grc'>51</span> <span class='ocrx_word' id='word_1_397' title='bbox 596 3740 668 3798; x_wconf 80' lang='lat' dir='ltr'>uiris</span> <span class='ocrx_word' id='word_1_398' title='bbox 690 3743 773 3798; x_wconf 85' lang='grc'><strong>777777</strong></span> <span class='ocrx_word' id='word_1_399' title='bbox 794 3740 954 3813; x_wconf 81' lang='lat' dir='ltr'>propiusue</span> <span class='ocrx_word' id='word_1_400' title='bbox 979 3739 1080 3797; x_wconf 83' lang='lat' dir='ltr'>urbem</span> <span class='ocrx_word' id='word_1_401' title='bbox 1102 3738 1214 3797; x_wconf 83' lang='lat' dir='ltr'>Romae</span> <span class='ocrx_word' id='word_1_402' title='bbox 1230 3755 1343 3810; x_wconf 81' lang='lat' dir='ltr'>passus</span> 
     </span>
     <span class='ocr_line' id='line_1_40' title="bbox 164 3827 1342 3901; baseline -0.002 -15"><span class='ocrx_word' id='word_1_403' title='bbox 164 3828 354 3901; x_wconf 70' lang='lat' dir='ltr'>perpendere.</span> <span class='ocrx_word' id='word_1_404' title='bbox 383 3828 419 3888; x_wconf 83' lang='lat' dir='ltr'>of.</span> <span class='ocrx_word' id='word_1_405' title='bbox 433 3827 474 3887; x_wconf 87' lang='lat' dir='ltr'>ib.</span> <span class='ocrx_word' id='word_1_406' title='bbox 490 3830 540 3888; x_wconf 92' lang='grc'>70.</span> <span class='ocrx_word' id='word_1_407' title='bbox 577 3827 616 3887; x_wconf 83' lang='grc'><strong>11).</strong></span> <span class='ocrx_word' id='word_1_408' title='bbox 632 3829 673 3887; x_wconf 88' lang='grc'><strong>58</strong></span> <span class='ocrx_word' id='word_1_409' title='bbox 693 3829 811 3887; x_wconf 87' lang='lat' dir='ltr'>aedium</span> <span class='ocrx_word' id='word_1_410' title='bbox 827 3845 983 3887; x_wconf 79' lang='lat' dir='ltr'>serrorum</span> <span class='ocrx_word' id='word_1_411' title='bbox 1001 3828 1120 3887; x_wconf 89' lang='lat' dir='ltr'>deorum</span> <span class='ocrx_word' id='word_1_412' title='bbox 1132 3827 1342 3887; x_wconf 80' lang='lat' dir='ltr'>immortalium</span> 
     </span>
     <span class='ocr_line' id='line_1_41' title="bbox 169 3917 554 3988; baseline 0.005 -14"><span class='ocrx_word' id='word_1_413' title='bbox 169 3924 276 3976; x_wconf 78' lang='lat' dir='ltr'>caused</span> <span class='ocrx_word' id='word_1_414' title='bbox 294 3917 554 3988; x_wconf 75' lang='lat' dir='ltr'>oedifieamddrmu.</span> 
     </span>
    </p>

    <p class='ocr_par' dir='ltr' id='par_1_10' title="bbox 168 4003 1340 4532">
     <span class='ocr_line' id='line_1_42' title="bbox 259 4003 1340 4085; baseline 0.002 -20"><span class='ocrx_word' id='word_1_415' title='bbox 259 4003 308 4065; x_wconf 87' lang='lat' dir='ltr'>Sie</span> <span class='ocrx_word' id='word_1_416' title='bbox 325 4004 456 4082; x_wconf 90' lang='lat' dir='ltr'>primum</span> <span class='ocrx_word' id='word_1_417' title='bbox 474 4004 593 4082; x_wconf 89' lang='lat' dir='ltr'>quidem</span> <span class='ocrx_word' id='word_1_418' title='bbox 612 4004 849 4065; x_wconf 88' lang='lat' dir='ltr'>enuntiationem</span> <span class='ocrx_word' id='word_1_419' title='bbox 867 4005 1025 4066; x_wconf 84' lang='lat' dir='ltr'>relativam</span> <span class='ocrx_word' id='word_1_420' title='bbox 1039 4006 1229 4082; x_wconf 91' lang='lat' dir='ltr'>interponere</span> <span class='ocrx_word' id='word_1_421' title='bbox 1244 4027 1340 4085; x_wconf 91' lang='lat' dir='ltr'>neque</span> 
     </span>
     <span class='ocr_line' id='line_1_43' title="bbox 170 4092 1339 4172; baseline 0.003 -19"><span class='ocrx_word' id='word_1_422' title='bbox 170 4092 245 4155; x_wconf 83' lang='lat' dir='ltr'>Cato</span> <span class='ocrx_word' id='word_1_423' title='bbox 273 4113 369 4172; x_wconf 90' lang='lat' dir='ltr'>neque</span> <span class='ocrx_word' id='word_1_424' title='bbox 397 4096 480 4170; x_wconf 83' lang='lat' dir='ltr'>leges</span> <span class='ocrx_word' id='word_1_425' title='bbox 508 4097 657 4156; x_wconf 81' lang='lat' dir='ltr'>recusent.</span> <span class='ocrx_word' id='word_1_426' title='bbox 702 4094 779 4154; x_wconf 86' lang='lat' dir='ltr'>Tum</span> <span class='ocrx_word' id='word_1_427' title='bbox 802 4099 922 4172; x_wconf 87' lang='lat' dir='ltr'>praeter</span> <span class='ocrx_word' id='word_1_428' title='bbox 944 4095 1029 4154; x_wconf 83' lang='lat' dir='ltr'>illem</span> <span class='ocrx_word' id='word_1_429' title='bbox 1047 4095 1339 4169; x_wconf 77' lang='grc'><strong>1729315771717</strong></span> 
     </span>
     <span class='ocr_line' id='line_1_44' title="bbox 169 4183 1340 4262; baseline 0.002 -19"><span class='ocrx_word' id='word_1_430' title='bbox 169 4185 338 4245; x_wconf 77' lang='lat' dir='ltr'>subiectum</span> <span class='ocrx_word' id='word_1_431' title='bbox 357 4183 507 4244; x_wconf 80' lang='lat' dir='ltr'>attributo</span> <span class='ocrx_word' id='word_1_432' title='bbox 525 4183 729 4262; x_wconf 87' lang='lat' dir='ltr'>praepositum</span> <span class='ocrx_word' id='word_1_433' title='bbox 743 4187 797 4244; x_wconf 90' lang='lat' dir='ltr'>est.</span> <span class='ocrx_word' id='word_1_434' title='bbox 834 4183 950 4244; x_wconf 88' lang='lat' dir='ltr'>Deinde</span> <span class='ocrx_word' id='word_1_435' title='bbox 966 4186 1040 4258; x_wconf 89' lang='grc'><strong>295,</strong></span> <span class='ocrx_word' id='word_1_436' title='bbox 1055 4185 1096 4244; x_wconf 88' lang='grc'>74</span> <span class='ocrx_word' id='word_1_437' title='bbox 1116 4184 1190 4243; x_wconf 89' lang='lat' dir='ltr'>duas</span> <span class='ocrx_word' id='word_1_438' title='bbox 1204 4184 1340 4246; x_wconf 85' lang='lat' dir='ltr'>diversas</span> 
     </span>
     <span class='ocr_line' id='line_1_45' title="bbox 168 4273 1338 4352; baseline 0.001 -20"><span class='ocrx_word' id='word_1_439' title='bbox 168 4273 306 4352; x_wconf 81' lang='lat' dir='ltr'>notiones</span> <span class='ocrx_word' id='word_1_440' title='bbox 325 4273 498 4334; x_wconf 87' lang='lat' dir='ltr'>interieetee</span> <span class='ocrx_word' id='word_1_441' title='bbox 517 4274 670 4348; x_wconf 86' lang='lat' dir='ltr'>habemus,</span> <span class='ocrx_word' id='word_1_442' title='bbox 691 4292 873 4352; x_wconf 85' lang='lat' dir='ltr'>quamquam</span> <span class='ocrx_word' id='word_1_443' title='bbox 893 4278 1052 4351; x_wconf 89' lang='lat' dir='ltr'>utramque</span> <span class='ocrx_word' id='word_1_444' title='bbox 1071 4278 1102 4333; x_wconf 91' lang='lat' dir='ltr'>et</span> <span class='ocrx_word' id='word_1_445' title='bbox 1116 4293 1183 4333; x_wconf 89' lang='lat' dir='ltr'>oum</span> <span class='ocrx_word' id='word_1_446' title='bbox 1197 4274 1338 4333; x_wconf 89' lang='lat' dir='ltr'>adverbio</span> 
     </span>
     <span class='ocr_line' id='line_1_46' title="bbox 168 4362 1339 4439; baseline 0 -18"><span class='ocrx_word' id='word_1_447' title='bbox 168 4364 241 4423; x_wconf 82' lang='lat' dir='ltr'>eutis</span> <span class='ocrx_word' id='word_1_448' title='bbox 268 4367 300 4425; x_wconf 87' lang='lat' dir='ltr'>et</span> <span class='ocrx_word' id='word_1_449' title='bbox 322 4383 389 4425; x_wconf 90' lang='lat' dir='ltr'>oum</span> <span class='ocrx_word' id='word_1_450' title='bbox 413 4363 505 4424; x_wconf 87' lang='lat' dir='ltr'>verbo</span> <span class='ocrx_word' id='word_1_451' title='bbox 533 4366 734 4439; x_wconf 78' lang='lat' dir='ltr'>supeipuutum</span> <span class='ocrx_word' id='word_1_452' title='bbox 762 4362 858 4423; x_wconf 80' lang='lat' dir='ltr'>artius</span> <span class='ocrx_word' id='word_1_453' title='bbox 886 4364 1045 4424; x_wconf 84' lang='lat' dir='ltr'>cohaerere</span> <span class='ocrx_word' id='word_1_454' title='bbox 1068 4383 1126 4423; x_wconf 91' lang='lat' dir='ltr'>non</span> <span class='ocrx_word' id='word_1_455' title='bbox 1145 4381 1230 4439; x_wconf 82' lang='lat' dir='ltr'>nego.</span> <span class='ocrx_word' id='word_1_456' title='bbox 1271 4362 1339 4429; x_wconf 88' lang='lat' dir='ltr'>Non</span> 
     </span>
     <span class='ocr_line' id='line_1_47' title="bbox 168 4451 1338 4532; baseline -0.001 -21"><span class='ocrx_word' id='word_1_457' title='bbox 168 4451 248 4512; x_wconf 89' lang='lat' dir='ltr'>idem</span> <span class='ocrx_word' id='word_1_458' title='bbox 266 4452 364 4515; x_wconf 83' lang='lat' dir='ltr'>indico</span> <span class='ocrx_word' id='word_1_459' title='bbox 385 4453 421 4514; x_wconf 91' lang='lat' dir='ltr'>de</span> <span class='ocrx_word' id='word_1_460' title='bbox 436 4451 558 4514; x_wconf 82' lang='lat' dir='ltr'>Catonis</span> <span class='ocrx_word' id='word_1_461' title='bbox 577 4453 614 4513; x_wconf 89' lang='lat' dir='ltr'>de</span> <span class='ocrx_word' id='word_1_462' title='bbox 633 4470 660 4514; x_wconf 90' lang='grc'>7.</span> <span class='ocrx_word' id='word_1_463' title='bbox 675 4472 699 4513; x_wconf 89' lang='lat' dir='ltr'>o.</span> <span class='ocrx_word' id='word_1_464' title='bbox 713 4455 766 4529; x_wconf 84' lang='lat'>41,</span> <span class='ocrx_word' id='word_1_465' title='bbox 781 4455 800 4512; x_wconf 91' lang='grc'><strong>2</strong></span> <span class='ocrx_word' id='word_1_466' title='bbox 819 4452 872 4513; x_wconf 89' lang='lat' dir='ltr'>nbi</span> <span class='ocrx_word' id='word_1_467' title='bbox 890 4472 949 4532; x_wconf 87' lang='lat' dir='ltr'>qua</span> <span class='ocrx_word' id='word_1_468' title='bbox 966 4453 1083 4515; x_wconf 86' lang='lat' dir='ltr'>ratione</span> <span class='ocrx_word' id='word_1_469' title='bbox 1100 4455 1175 4513; x_wconf 87' lang='lat' dir='ltr'>iuter</span> <span class='ocrx_word' id='word_1_470' title='bbox 1193 4467 1253 4511; x_wconf 84' lang='lat' dir='ltr'>sese</span> <span class='ocrx_word' id='word_1_471' title='bbox 1270 4468 1338 4511; x_wconf 88' lang='lat' dir='ltr'>eum</span> 
     </span>
    </p>
   </div>
   <div class='ocr_carea' id='block_1_8' title="bbox 0 0 1522 4825">
    <p class='ocr_par' dir='ltr' id='par_1_11' title="bbox 0 0 1522 4825">
     <span class='ocr_line' id='line_1_48' title="bbox 0 0 1522 4825; baseline 0 2"><span class='ocrx_word' id='word_1_472' title='bbox 0 0 1522 4825; x_wconf 95' lang='lat' dir='ltr'> </span> 
     </span>
    </p>
   </div>
  </div>
 </body>
</html>
