3034 4825
639 824 946 904 Praefatio

296 1135 544 1212 Antiquissimam
574 1135 777 1194 Romanorum
801 1134 937 1210 linguam
964 1134 1237 1211 contemplantibus
1261 1154 1379 1212 semper

206 1225 293 1285 nobis
313 1224 450 1284 habenda
469 1226 515 1283 est
533 1224 621 1299 ratio,
639 1224 691 1300 qui
709 1243 813 1283 eorum
831 1224 1008 1283 tum'fuerit
1026 1225 1124 1283 cultus
1143 1243 1257 1301 quaeve
1275 1226 1380 1284 huma-

208 1315 299 1373 nitas.
326 1313 470 1372 Animum
488 1316 590 1373 autem
608 1313 799 1372 intendamus
814 1313 852 1372 ad
866 1312 920 1371 illa
933 1316 1078 1388 tempore,
1097 1313 1205 1389 quibus
1219 1314 1378 1391 integritas

208 1403 443 1480 simplicitasque
457 1405 494 1461 ut
507 1402 654 1463 sentiendi
668 1401 877 1481 cogitandique
891 1402 933 1461 sic
947 1402 1057 1479 agendi
1066 1401 1208 1461 Romanis
1222 1403 1296 1478 ipsis
1310 1404 1377 1462 fons

207 1511 241 1552 ac
260 1492 443 1568 praesidium
459 1493 620 1570 potentiae,
639 1491 731 1553 honos
746 1511 781 1551 ac
795 1492 892 1569 gloria
907 1494 982 1566 erat,
1000 1490 1087 1551 nobis
1101 1509 1218 1567 semper
1232 1491 1378 1551 maximae

207 1579 399 1640 admirationi
422 1582 488 1640 erit.
524 1581 720 1641 Versabimur
742 1581 837 1658 igitur
860 1580 891 1639 in
915 1600 949 1640 eo
973 1583 1069 1658 statu,
1093 1600 1180 1657 quem
1203 1581 1378 1656 procerum

206 1671 405 1729 humanarum
419 1688 580 1748 progressu
593 1671 721 1746 primam
735 1690 835 1729 rerum
849 1674 977 1729 naturae
991 1671 1150 1730 veritatem
1163 1669 1317 1729 nominare
1332 1689 1377 1730 so-

207 1761 311 1836 lemus,
325 1778 394 1818 cum
407 1759 586 1834 praesertim
600 1760 676 1818 banc
690 1760 842 1819 nationem
852 1778 918 1819 sero
927 1759 1094 1836 peregrinis
1103 1759 1220 1818 artibus
1229 1760 1260 1817 in
1270 1755 1378 1837 graeca

204 1849 319 1924 ingenii
343 1848 462 1908 officina
484 1849 641 1908 educatam
659 1868 724 1907 esse
743 1850 868 1908 constet.
905 1848 953 1907 Ita
970 1849 1013 1924 fit,
1033 1853 1068 1906 ut
1082 1849 1119 1908 de
1138 1868 1299 1909 sermone
1317 1870 1378 1925 po·

205 1939 284 2014 puli
306 1938 388 1997 illius
407 1938 517 1997 aetatis
535 1937 620 1998 nobis
639 1937 732 1998 verba
750 1936 887 1996 facienda
905 1938 974 1996 sint.
1011 1936 1103 1996 Cuius
1123 1937 1189 2013 quis
1208 1938 1269 1996 dux
1286 1939 1378 1999 fuerit

206 2030 236 2086 et
260 2045 378 2103 semper
400 2028 522 2086 futurus
546 2028 597 2100 sit,
622 2027 673 2088 vix
694 2027 794 2087 verbis
819 2046 893 2102 opus
912 2028 967 2086 est.
1003 2026 1180 2086 Rectissime
1199 2027 1279 2085 enim
1297 2029 1377 2103 apud

205 2115 423 2184 Quintilianum
446 2117 515 2175 tnst.
540 2134 581 2176 or.
596 2115 656 2174 XII
676 2119 727 2192 10,
746 2118 789 2175 42
813 2116 842 2174 ei
865 2116 916 2192 qui
937 2116 1108 2175 naturalem
1125 2116 1267 2192 loquendi
1285 2117 1376 2176 licen·

204 2206 278 2263 tiam
305 2205 444 2280 repetere
471 2204 633 2274 studebant
659 2208 891 2279 anitquissc'mcm
914 2223 1051 2279 quemque
1072 2208 1198 2265 mucione
1220 2208 1377 2265 secundum

204 2298 344 2353 notarum
362 2295 469 2353 dixisse
487 2292 677 2352 contendunt.
711 2293 785 2351 Inde
803 2293 898 2368 igilur
916 2294 1016 2353 omnia
1034 2313 1110 2370 quae
1129 2294 1210 2353 illius
1231 2295 1375 2354 sermonis

203 2383 325 2460 propria
344 2386 427 2461 sunt,
450 2382 650 2460 expediemus.
686 2382 730 2442 Ac
748 2383 896 2459 quantum
914 2383 941 2443 is
961 2384 999 2442 ab
1018 2383 1204 2443 eruditorum
1222 2401 1259 2441 ne
1278 2383 1376 2444 dicam

205 2474 360 2533 doctorum
382 2472 488 2550 lingna
510 2473 613 2547 distet,
638 2473 701 2532 fere
724 2472 928 2549 unusquisque
952 2474 1089 2531 nostrum
1107 2473 1175 2547 scit,
1200 2472 1309 2549 quippe
1328 2474 1376 2532 cui

202 2563 314 2637 politus
349 2562 590 2645 compositusque
623 2581 659 2621 ex
685 2561 804 2641 legibus
833 2580 930 2621 sermo
955 2560 1130 2621 ediscendus
1153 2562 1253 2621 fuerit.
1299 2562 1375 2646 Ecqe

203 2652 286 2729 leges
313 2652 556 2727 commemoravi,
588 2671 665 2730 quae
693 2651 815 2711 adultae
842 2652 964 2729 linguae
990 2651 1132 2728 propriae
1154 2654 1234 2711 sunt.
1278 2651 1376 2728 Leges

202 2743 303 2800 autem
320 2759 380 2800 non
398 2740 458 2801 nisi
476 2759 513 2799 ex
530 2741 666 2818 longiore
685 2741 814 2819 quodam
832 2759 974 2816 processu
992 2760 1093 2800 rerum
1111 2741 1287 2816 gignuntur,
1307 2759 1375 2799 cum

203 2830 388 2890 condiciones
424 2830 550 2889 rationis
583 2830 711 2890 alieuius
744 2830 852 2889 sensim
885 2848 920 2889 ac
950 2829 1165 2905 pedetemptim
1196 2832 1374 2907 augeantur,

205 2919 299 2977 donec
322 2938 401 2978 unus
424 2919 626 2995 frequentiore
645 2937 701 2976 usu
720 2921 819 2977 certae
838 2918 952 2977 formae
971 2937 1054 2977 suam
1073 2918 1135 2994 yim
1154 2918 1267 2977 afferat.
1305 2918 1374 2987 Qui-

203 3025 333 3084 cumque
356 3007 469 3065 talibus
494 3007 638 3066 sermonis
661 3007 781 3083 legibus
804 3005 991 3084 obsequitur,
1014 3006 1040 3064 is
1059 3006 1183 3066 consilio
1202 3006 1316 3083 studet,
1341 3012 1375 3067 ut

204 3097 298 3156 verba
325 3096 405 3155 inter
432 3114 464 3155 se
492 3095 690 3172 aequabiliter
717 3099 748 3155 et
776 3097 976 3172 congruenter
998 3096 1230 3173 coniungantur,
1257 3096 1373 3173 logicae

202 3186 297 3264 igitur
316 3204 406 3262 quam
425 3184 528 3245 dicunt
546 3185 605 3244 arti
622 3185 701 3244 ratio
720 3185 856 3245 babetur.
885 3185 979 3262 Atqui
997 3185 1078 3245 omni
1091 3185 1147 3244 tali
1162 3185 1261 3244 studio
1276 3205 1372 3246 sermo

203 3277 317 3350 priscus
345 3265 455 3356 egee,1)
484 3293 551 3334 cum
574 3278 711 3335 auctores
735 3274 807 3334 dum
827 3277 893 3334 arte
910 3275 986 3333 nibil
1005 3275 1122 3334 efficere
1140 3275 1259 3347 volunt,
1282 3277 1373 3334 animi

202 3366 320 3423 tantum
344 3364 492 3424 motiones
517 3367 693 3440 sequantur,
716 3364 747 3422 id
772 3365 851 3439 quod
874 3363 921 3423 his
940 3384 1058 3440 quoque
1077 3363 1254 3434 Quintiliani
1270 3364 1373 3424 verbis

202 3454 343 3512 docemur
365 3453 434 3512 inst.
455 3472 496 3512 or.
511 3452 570 3510 XII
590 3455 640 3529 10,
660 3455 703 3513 40
726 3455 829 3526 quibas
850 3454 944 3512 solum
962 3458 1072 3513 cataro
1089 3456 1127 3512 stt
1144 3455 1275 3526 officiunt
1292 3457 1373 3513 attri-

202 3544 302 3601 butum
319 3545 428 3603 scrobe
445 3544 582 3601 sonabas.
612 3541 668 3601 His
687 3544 788 3601 autem
807 3542 945 3601 sensibus
963 3543 1060 3600 multa
1077 3542 1151 3618 ipsis
1169 3542 1372 3602 nescientibus

201 3632 328 3705 moveri,
356 3634 391 3690 nt
419 3631 470 3708 qui
497 3631 528 3689 in
553 3630 652 3691 verbis
676 3630 905 3706 pronuntiandis
929 3650 980 3690 eos
1004 3633 1147 3707 sequatur
1170 3648 1258 3706 saepe
1281 3632 1371 3691 etiam

201 3720 331 3778 sermoni
348 3720 546 3796 proprietates
565 3721 686 3779 illorum
704 3719 819 3780 invitus
837 3721 985 3780 attribuat
1004 3720 1077 3780 satis
1090 3720 1211 3780 videtur
1225 3723 1370 3781 constare.

204 3808 368 3884 Propterea
393 3809 500 3885 volgus
528 3828 595 3868 cum
621 3809 772 3885 eloquitur
794 3813 905 3868 natura
926 3810 1024 3886 magis
1047 3829 1137 3885 quam
1160 3813 1225 3868 arte
1248 3810 1370 3870 ductum

202 3897 347 3957 sermonis
360 3896 480 3972 legibus
493 3898 654 3958 inscienter
667 3900 864 3973 obtemperat.
889 3898 972 3969 Quae
985 3899 1115 3976 uestigia
1129 3900 1180 3975 qui
1192 3917 1371 3976 cognoscere

202 3990 292 4062 atque
315 3987 468 4045 illustrare
491 3986 585 4063 volet,
611 3988 639 4046 ei
662 4006 779 4063 semper
797 3987 890 4049 animi
907 3991 1017 4047 natura
1035 3988 1211 4048 excutienda
1229 3989 1300 4048 erit:
1328 3990 1371 4048 sic

201 4077 252 4153 qui
284 4094 362 4135 nunc
395 4073 455 4133 arti
485 4077 698 4151 grammaticae
731 4095 853 4153 operam
886 4077 971 4153 dant,
1008 4098 1045 4138 ex
1076 4079 1119 4137 eis
1147 4096 1223 4153 quae
1254 4079 1370 4138 ratione

289 4263 317 4333 1)
334 4264 368 4319 cf.
394 4261 437 4317 W.
453 4261 596 4333 Schuppe,
630 4262 776 4320 Grundriss
804 4264 854 4321 der
880 4264 1158 4321 Erbenntnistbeorie
1187 4266 1244 4319 und
1269 4264 1368 4334 Logik,

199 4334 295 4390 Berlin
314 4340 384 4390 1894
406 4352 434 4404 p.
450 4340 502 4389 138
521 4335 565 4389 dic
583 4335 703 4405 Sprccbc
721 4338 758 4392 ist
771 4337 807 4404 ja
824 4339 998 4405 catstacdcn,
1021 4338 1153 4392 cocheba
1171 4337 1217 4390 ein
1233 4336 1369 4402 Bewufst·

201 4407 261 4462 aaa
277 4422 332 4463 con
349 4408 401 4462 den
419 4407 554 4479 loyisclrcn
571 4406 761 4479 Bcaiebuapcn
779 4410 839 4464 uad
863 4410 1064 4466 Verbdltnissen
1081 4408 1239 4464 verbanden
1256 4424 1322 4463 war.
